3264 4658
232 391 268 458 os
543 390 700 481 sonori
719 391 943 450 nonosrrnr
962 394 1060 450 vnn

234 545 358 612 litteras
380 567 439 628 per
460 565 557 611 suum
577 545 682 611 filiurn
703 547 843 624 mittens,
867 549 995 630 rogavit
1016 559 1053 612 ut
1075 549 1149 615 illae
1171 549 1384 618 donationum

234 647 362 712 tabulae
387 667 446 712 suo
470 647 682 712 redderentur
705 647 783 726 filio,
806 649 1001 730 pauperibus
1025 670 1105 714 vero
1128 652 1309 732 erogandos
1333 652 1382 718 di-

234 746 321 812 rexit
339 746 460 812 solidos
479 758 626 812 centum:
646 767 711 829 quo
730 749 783 814 ille
802 761 933 814 sanctus
953 750 1083 832 oognito
1103 752 1260 834 ingemuit
1280 753 1383 820 homi·

234 868 308 912 nem
321 848 372 912 vel
383 848 518 914 finxisse
530 847 747 927 donationem,
760 851 812 914 vel
824 870 900 914 eum
912 849 953 915 de
965 852 1050 916 bono
1063 872 1162 935 opere
1173 852 1381 935 poenituisse,

193 969 209 1037 5
234 959 268 1014 et
286 959 408 1030 quanta
426 949 532 1030 potuit
551 951 622 1014 Deo
642 960 836 1032 suggerente
854 950 945 1016 cordi
965 952 1035 1016 eius
1055 973 1130 1017 cum
1151 953 1263 1018 dolore
1283 954 1383 1019 animi

233 1071 276 1114 ex
296 1049 411 1116 eadem
431 1049 667 1132 refragatione³
687 1050 781 1127 dixit,
803 1051 837 1115 in
857 1050 943 1116 illius
965 1051 1087 1116 scilicet
1109 1053 1329 1134 increpatione
1350 1063 1384 1120 et

235 1153 447 1234 correptione.
487 1152 532 1216 Et
550 1152 675 1218 tabulas
694 1173 774 1234 quas
793 1153 846 1218 ille
865 1164 980 1236 sponte
996 1154 1141 1232 miserat,
1160 1177 1221 1220 nec
1240 1156 1382 1223 desider-

131 1275 133 1280 ’
235 1265 316 1330 atas,
329 1274 388 1318 nec
402 1263 534 1318 exactas
548 1253 724 1320 confestim
736 1253 887 1334 reddidit,
901 1256 1134 1337 pecuniamque
1147 1257 1237 1322 illam
1251 1257 1383 1338 respuit,

235 1364 332 1435 atque
355 1355 518 1438 rescriptis
541 1355 682 1420 eundem
703 1355 787 1421 sicut
809 1356 953 1438 oportuit
975 1368 1008 1421 et
1029 1359 1138 1439 arguit
1161 1368 1194 1422 et
1216 1359 1383 1440 corripuit.

172 1461 211 1510 10
235 1454 413 1520 admonens
441 1466 477 1519 ut
505 1454 545 1520 de
573 1474 632 1521 sua
658 1455 864 1522 simulatione
891 1458 942 1522 vel
969 1457 1139 1539 iniquitate
1167 1459 1384 1540 poenitentiae

235 1555 416 1621 humilitate
432 1557 504 1621 Deo
519 1556 733 1635 satisfaceret,
750 1578 790 1622 ne
805 1577 880 1623 cum
894 1568 962 1623 tam
975 1560 1068 1641 gravi
1084 1558 1203 1625 delicto
1218 1559 1259 1626 de
1276 1561 1384 1626 seculo

236 1656 350 1722 exiret.

279 1757 495 1842 Frequentius
522 1777 650 1840 quoque
678 1759 812 1835 dicebat,
840 1759 944 1841 magis
972 1759 1117 1826 securius
1144 1772 1178 1826 et
1203 1759 1306 1826 tutius
1333 1780 1385 1826 ec·

237 1859 368 1924 clesiam
396 1861 502 1941 legata
531 1881 550 1923 a
579 1858 744 1925 defunctis
775 1860 908 1926 dimissa
938 1861 1054 1928 debere
1083 1861 1257 1941 suscipere,
1287 1882 1386 1944 quam

171 1964 209 2031 15
236 1959 432 2047 hereditates
455 1959 543 2024 forte
564 1959 717 2025 sollicitas
738 1973 772 2027 et
793 1960 976 2038 damnosas,
999 1961 1133 2045 ipsaque
1155 1962 1260 2044 legata
1281 1963 1385 2044 magis

236 2059 407 2125 offerenda
432 2082 504 2128 esse
530 2080 629 2142 quam
655 2060 823 2143 exigenda.
873 2060 1107 2128 conmendata
1134 2084 1212 2128 vero
1239 2082 1386 2144 quaeque

237 2161 307 2243 ipse
321 2173 393 2226 hon
414 2161 618 2244 suscipiebat,
640 2162 697 2227 sed
717 2162 861 2228 volentes
883 2164 1047 2246 suscipere
1068 2163 1202 2228 clericos
1223 2184 1289 2228 nou
1311 2185 1385 2245 pro-

236 2261 375 2327 hibebat.
423 2262 462 2326 In
486 2262 536 2328 his
561 2281 689 2344 quoque
713 2283 797 2345 quae
822 2263 956 2329 ecclesia
980 2264 1119 2329 habebat
1142 2276 1176 2329 et
1201 2263 1385 2347 possidebat

236 2363 381 2430 intentus
400 2384 522 2440 amore,
543 2365 594 2428 vel
615 2363 797 2446 implicatus
817 2385 885 2429 non
905 2374 984 2442 erat,
1007 2366 1064 2430 sed
1085 2365 1261 2430 maioribus
1281 2365 1386 2447 magis

172 2471 213 2521 20
238 2475 270 2546 et
286 2463 483 2546 spiritalibus
500 2485 676 2548 suspensus
692 2476 725 2530 et
741 2465 911 2530 inhaerens
929 2466 1035 2543 rebus,
1052 2464 1228 2548 aliquando
1244 2466 1387 2547 seipsum

238 2564 281 2632 ad
300 2565 355 2630 iila
375 2565 567 2649 temporalia
586 2567 626 2631 ab
648 2575 855 2631 aeternorum
875 2565 1070 2648 cogitatione
1091 2567 1257 2632 relaxabat
1277 2577 1311 2632 et
1332 2566 1386 2632 de·

238 2666 385 2748 ponebat.
427 2665 554 2748 Quibus
573 2666 625 2731 ille
645 2666 810 2749 dispositis
829 2677 861 2732 et
879 2667 1047 2745 ordinatis,
1067 2679 1234 2748 tamquam
1251 2688 1272 2731 a
1291 2669 1386 2732 rebus

239 2766 498 2833 mordacibusac
512 2765 668 2845 molestis,
685 2767 785 2830 animi
803 2786 970 2832 recursum
987 2766 1030 2832 ad
1047 2767 1202 2833 interiora
1220 2767 1336 2833 mentis
1353 2779 1386 2833 et

239 2870 407 2952 superiora
424 2869 575 2946 faciebat,
591 2891 656 2953 quo
672 2872 723 2935 vel
740 2872 783 2938 de.
796 2870 998 2936 inveniendis
1014 2870 1133 2935 divinis
1151 2871 1318 2951 cogitaret,
1335 2871 1386 2936 vel

173 2973 213 3042 25
240 2971 280 3037 de
295 2970 361 3036 iant
375 2970 515 3036 inventis
529 2970 653 3053 aliquid
667 2970 814 3050 dictaret,
830 2982 887 3035 aut
903 2982 990 3037 certe
1005 2993 1047 3036 ex
1064 2973 1129 3036 iam
1145 2971 1273 3037 dictatis
1289 2982 1388 3053 atque

239 3071 442 3154 transcriptis
463 3071 586 3154 aliquid
606 3071 801 3148 emendaret.
843 3072 888 3136 Et
908 3071 943 3138 id
963 3073 1078 3156 agebat
1098 3073 1132 3137 in
1154 3072 1206 3137 die
1226 3072 1386 3150 laborans,

273 3252 290 3310 6
318 3255 524 3322 refragatione]
556 3252 1007 3322 ABDEFGHobcdethimnoqr,
1036 3273 1082 3312 res
1112 3256 1258 3324 rogatione
1288 3255 1325 3322 K,
1354 3255 1389 3311 de

241 3325 339 3384 eadem
360 3327 578 3384 defraudatione
596 3327 642 3382 D*
661 3327 730 3392 Sui„
751 3326 786 3383 de
805 3325 905 3384 eodem
926 3325 1145 3384 defraudatione
1166 3327 1191 3385 C
1261 3327 1388 3396 increpa-

239 3397 344 3454 tionem
361 3406 388 3452 et
403 3398 609 3463 correptionem
626 3397 684 3462 (ΤΕ,
698 3397 918 3462 increpationem
933 3407 963 3454 et
979 3398 1182 3455 correctionem
1198 3399 1303 3456 BDFG
1319 3399 1390 3464 edd,

241 3471 395 3542 increpatio
419 3469 605 3536 correptionis
629 3470 659 3524 K
728 3484 760 3524 ιο
784 3465 1044 3536 iniquitatel÷cum
1071 3470 1126 3525 edd
1191 3474 1234 3539 96,
1260 3486 1294 3526 ao
1319 3469 1390 3536 Qui-

241 3543 407 3598 dam....12
424 3541 625 3598 exiret'om.l
694 3557 724 3609 13
744 3541 881 3609 securius]
905 3541 950 3598 hic
967 3541 1071 3596 desinit
1088 3541 1118 3595 K
1184 3543 1271 3598 totius
1290 3542 1390 3597 Α*οΕ

241 3614 317 3679 FG*,
329 3613 416 3670 tatius
428 3614 515 3668 D*E*
579 3614 612 3669 18
621 3613 657 3668 iis
670 3615 724 3671 edd
787 3627 820 3679 19
830 3613 920 3680 tnagis
932 3622 961 3668 et
972 3631 1027 3670 om.
1038 3614 1079 3679 H,
1091 3623 1120 3670 et
1133 3631 1187 3670 om.
1200 3614 1286 3678 CDF,
1297 3614 1388 3680 magis

239 3703 273 3742 ac
293 3683 338 3739 Mi
404 3699 438 3739 ao
456 3684 506 3738 vix
512 3683 677 3812 quuando
697 3684 730 3739 H
750 3683 805 3738 edd
871 3699 906 3750 24
926 3681 1164 3751 divinis]†rebus
1185 3682 1389 3742 BCDEFGHJ

241 3756 295 3812 edd
361 3770 394 3825 25
414 3756 496 3813 dictis
