3268 4668
216 419 249 469 40
537 402 682 458 SANCTI
701 401 924 458 AUGUSTINI
944 403 1041 457 VITA

217 582 336 627 munus
352 561 537 625 huiusmodi
552 586 572 628 a
588 581 639 624 me
655 572 820 642 arreptum
837 563 882 624 ita
897 581 1009 642 geram
1023 571 1056 624 et
1071 581 1234 642 peragam,
1252 571 1288 626 ut
1304 579 1364 625 nec

218 662 326 726 Patris
349 661 520 725 luminum²
543 659 710 725 offendam
732 661 911 737 veritatem,
935 681 995 725 nec
1016 661 1177 725 bonorum
1200 661 1364 726 Ecclesiae

218 764 360 828 filiorum
380 764 446 829 ulla
467 774 620 845 exparte
641 763 754 827 videar
777 762 932 828 fraudare
954 761 1130 827 caritatem.
1176 763 1245 828 Nec
1267 762 1364 827 attin-

217 885 293 946 gam
309 885 349 928 ea
363 864 473 928 omnia
489 863 663 940 insinuare,
681 883 764 944 quae
781 862 867 928 idem
884 863 1088 928 beatissimus
1106 863 1312 944 Augustinus
1331 865 1364 928 in

175 996 190 1064 ς
218 965 287 1031 suis
308 964 561 1030 Confessionum
580 963 670 1028 libris
692 964 732 1028 de
753 964 936 1046 semetipso,
957 963 1061 1044 qualis
1083 975 1158 1029 ante
1179 975 1365 1046 perceptam

218 1067 358 1148 gratiam
376 1065 477 1129 fuerit
493 1065 661 1145 qualisque
678 1065 744 1129 iam
760 1076 890 1147 sumpta
906 1065 1040 1144 viveret,
1059 1064 1250 1146 designavit.
1290 1063 1366 1129 Hoc

219 1177 329 1230 autem
344 1165 454 1230 iacere
468 1165 581 1242 voluit,
597 1177 634 1230 ut
648 1166 694 1229 ait
708 1164 903 1245 Apostolus,
912 1187 953 1230 ne
969 1164 1010 1230 de
1025 1187 1059 1232 se
1076 1165 1247 1246 quisquam
1261 1165 1365 1228 homi-

220 1286 299 1330 num
319 1264 417 1346 supra
437 1286 535 1346 quam
557 1285 591 1330 se
612 1285 683 1330 esse
704 1277 848 1342 noverat,
871 1277 927 1330 aut
948 1264 989 1331 de
1011 1288 1044 1330 se
1066 1266 1214 1330 auditum
1238 1265 1365 1342 fuisset,

221 1365 367 1431 crederet
390 1368 441 1431 vel
465 1369 618 1448 putaret,³
643 1366 833 1431 humilitatis
858 1375 989 1430 sanctae
1012 1386 1103 1431 more
1128 1366 1239 1446 utique
1269 1365 1360 1447 [suo]

157 1488 194 1534 10
219 1469 321 1533 nihilo
337 1466 463 1546 fallens,
479 1468 537 1534 sed
550 1470 680 1534 laudem
693 1460 758 1534 non
774 1490 876 1546 suam,
893 1473 949 1534 sed
964 1471 1014 1534 sui
1030 1470 1164 1533 Domini
1179 1468 1220 1534 de
1234 1467 1367 1551 propria

221 1569 408 1660 liberatione
436 1591 475 1633 ac
501 1588 636 1635 munere
665 1590 833 1651 quaerens,
863 1591 905 1634 ex
934 1571 984 1634 his
1013 1568 1162 1634 videlicet
1191 1590 1273 1651 quae
1302 1571 1368 1634 iam

221 1682 417 1751 perceperat,
442 1681 474 1734 et
497 1670 660 1735 iratemas
684 1691 795 1753 preces
818 1691 954 1753 poscens
979 1671 1018 1735 de
1042 1671 1092 1734 his
1116 1690 1199 1751 quae
1222 1669 1368 1750 accipere

221 1769 378 1850 cupiebat.
424 1771 673 1835 Sacramentum
699 1771 797 1852 igitur
822 1771 917 1851 repis,
945 1780 980 1834 ut
1005 1771 1150 1852 angelica
1175 1770 1368 1835 auctoritate

219 1870 384 1951 prolatum
409 1881 468 1948 est,
499 1873 620 1936 bonam
649 1882 698 1936 est
726 1871 938 1936 abscondere:
969 1881 1069 1952 opera
1096 1879 1206 1936 autem
1234 1871 1369 1936 Domini

157 1997 193 2065 15
221 1973 364 2037 revelare
380 1983 412 2037 et
427 1973 582 2055 confiteri,
599 1973 816 2055 honorificum
830 1975 902 2037 est*

699 2175 853 2272 CAPUT
872 2175 888 2238 Ι

425 2325 602 2406 Augustini
623 2337 723 2402 ortus,
744 2325 913 2390 conversio
933 2336 966 2390 et
984 2325 1164 2407 baptismus

265 2441 318 2504 Ex
334 2441 500 2522 provincia
518 2463 596 2524 ergo
614 2442 775 2508 Africana
791 2443 921 2507 civitate
940 2443 1158 2524 Tagastensi,²
1176 2443 1216 2507 de
1234 2461 1372 2506 numero

224 2545 394 2609 curialium
418 2545 605 2625 parentibus
630 2545 773 2610 honestis
799 2556 831 2610 et
857 2545 1050 2610 Christianis
1075 2547 1264 2627 progenitus
1289 2557 1369 2622 erat,

157 2669 198 2717 20
224 2645 383 2726 alitusque
409 2667 448 2711 ac
474 2645 616 2710 nutritus
643 2665 756 2710 eorum
782 2667 861 2710 cura
889 2656 921 2710 et
949 2646 1116 2728 diligentia
1142 2646 1369 2728 impensisque,

224 2746 421 2811 secularibus
444 2745 560 2810 litteris
582 2745 729 2835 eruditus
752 2746 906 2828 apprime,
930 2747 1079 2834 omnibus
1102 2734 1253 2811 videlicet
1275 2746 1371 2811 disci-

223 2847 320 2928 plinis
340 2848 491 2924 imbutus,
512 2867 592 2927 quas
614 2846 760 2911 liberales
781 2849 922 2911 vocant.2
965 2847 1053 2910 Nam
1073 2857 1105 2910 et
1126 2847 1372 2928 grammaticam

224 2948 315 3029 prius
336 2947 369 3010 in
389 2968 449 3012 sua
468 2947 607 3024 civitate,
628 2959 662 3012 et
681 2947 878 3011 rhetoricam
896 2947 931 3010 in
952 2946 1089 3011 Africae
1109 2946 1214 3028 capite
1235 2946 1371 3012 Cartha-

118 3062 122 3082 *
224 3047 298 3128 gine
316 3057 428 3128 postea
445 3046 564 3113 docuit.
604 3048 822 3128 Consequenti
840 3046 940 3112 etiam
957 3057 1103 3130 tempore
1120 3057 1210 3112 trans
1228 3068 1319 3112 mare
1338 3048 1371 3111 in

158 3165 197 3233 25
225 3148 304 3213 urbe
322 3148 437 3225 Roma,
454 3159 487 3212 et
504 3147 591 3231 apud
609 3147 843 3225 Mediolanum,
860 3149 921 3232 uhi¹
932 3158 1010 3212 tunc
1028 3148 1232 3229 imperatoris
1251 3147 1372 3212 Valen-

225 3248 339 3313 tiniani
354 3247 490 3314 minoris
507 3249 678 3312 comitatus
692 3251 806 3313 ‘iuerat
821 3248 1025 3313 constitutus.
1064 3249 1104 3312 In
1120 3269 1184 3329 qua
1200 3249 1279 3313 urbe
1295 3260 1372 3313 tunc

257 3412 273 3463 3
291 3397 427 3453 fraudare
443 3396 542 3454 videar
558 3397 695 3453 CDFHK
712 3397 784 3462 edd,
799 3396 899 3453 videar
914 3414 1025 3454 errasse
1041 3396 1068 3452 E
1135 3409 1152 3463 7
1169 3394 1279 3461 autem]
1299 3397 1373 3454 enirn

225 3469 388 3525 CDEFHK
405 3470 459 3525 edri
527 3469 552 3536 Q
570 3469 684 3525 exhibet
699 3477 793 3527 autem
859 3471 878 3526 8
892 3479 1011 3526 noverat
1028 3469 1145 3526 auderet
1161 3470 1196 3526 de
1213 3489 1243 3526 se
1259 3468 1373 3526 credere

225 3543 270 3596 vel
283 3551 382 3606 putare
395 3545 411 3608 l,
426 3561 455 3598 se
469 3543 583 3598 credere
597 3545 641 3598 vel
654 3553 754 3607 putare
767 3560 785 3608 q
849 3558 868 3608 9
880 3542 1045 3597 humilitatis
1061 3552 1173 3598 sanctae
1187 3561 1265 3598 more
1280 3542 1374 3606 utique

230 3613 309 3681 [suo]
334 3614 422 3670 nihilo
444 3614 560 3681 fallens]
583 3615 620 3680 A,
639 3613 807 3670 humilitatis
827 3623 940 3670 sanctae
960 3631 1040 3670 more
1060 3613 1157 3680 utique
1177 3613 1248 3668 nihil
1270 3613 1372 3668 fallens

225 3685 365 3751 Bchepo
385 3685 487 3751 (nihilo
501 3705 528 3750 n,
541 3703 680 3741 memores
694 3687 740 3750 k),
753 3685 920 3742 humilitatis
934 3694 1046 3743 sanctae
1059 3685 1211 3741 memoriae
1224 3683 1319 3748 utique
1332 3681 1374 3738 ni·

225 3759 284 3814 hilo
300 3758 402 3813 fallens
417 3759 451 3822 E,
465 3758 631 3813 humilitatis
646 3767 758 3813 sanctae
772 3776 852 3812 more
867 3757 968 3812 utiam
983 3775 998 3813 e
1013 3757 1101 3812 nihilo
1117 3757 1219 3812 fallens
1234 3775 1258 3821 r,
1273 3753 1374 3810 humil-

226 3831 302 3887 itatis
319 3840 430 3886 sanctae
445 3830 599 3885 memoriae
613 3840 644 3886 ut
658 3831 714 3884 iam
730 3829 817 3886 nihilo
836 3830 937 3884 fallens
952 3830 992 3894 H,
1007 3829 1172 3884 humilitatis
1189 3837 1302 3884 sanctae
1317 3845 1375 3882 me-

226 3905 334 3960 moriae
350 3912 413 3959 uta
429 3922 474 3959 me
491 3902 578 3958 nihilo
596 3903 699 3959 fallens
714 3903 747 3967 F,
764 3901 921 3957 humilitate
938 3910 1050 3956 sanctae
1067 3902 1220 3956 memoriae
1237 3900 1278 3955 uti
1296 3917 1313 3956 a
1330 3916 1376 3953 me

225 3978 314 4033 nihilo
336 3977 438 4032 fallens
457 3975 495 4041 K,
514 3975 680 4030 humilitatis
700 3983 812 4030 sanetae
832 3973 968 4029 memoria
988 3981 1073 4038 utque
1092 3972 1162 4027 nihil
1184 3972 1286 4026 fallens
1306 3968 1375 4025 CD*

231 4049 383 4117 (memoria
395 4058 492 4115 utens;
505 4057 590 4113 utque
603 4048 660 4104 Sui.
673 4048 703 4102 in
715 4046 916 4102 commentario
930 4063 967 4100 ex
980 4045 1103 4110 errore),
1116 4045 1282 4100 humilitatis
1295 4060 1375 4099 sauc-

226 4131 257 4178 ta
274 4122 411 4180 memoria
429 4121 524 4188 utique
540 4119 633 4182 nihilo
649 4117 751 4174 fallens
770 4119 788 4173 h
813 4116 998 4184 (sanctem),
1016 4115 1183 4171 humilitatis
1201 4124 1297 4173 sancte
1314 4134 1374 4172 me·
