3264 4658
219 440 253 497 86
541 438 686 497 SANCTI
706 437 929 496 AUGUSTINI
948 439 1048 495 VITA

221 596 420 679 exemplaria
438 596 525 662 iorte
541 597 707 679 potuerint
723 595 870 676 inveniri,
888 596 940 660 vel
957 595 1044 662 unde
1061 596 1199 662 valuerit
1216 595 1368 677 inquirat,

221 710 255 764 et
270 699 402 763 inventa
419 698 579 763 describat
595 709 628 763 et
644 697 770 776 habeat,
787 708 821 763 et
837 696 958 780 petenti
975 697 1019 764 ad
1036 695 1284 764 describendum
1299 698 1376 764 siue

220 798 345 866 invidia·
361 799 460 864 etiam
475 798 546 882 ipse
561 797 692 864 tribuat.
883 795 885 800 ’

664 1000 818 1068 CAPUT
837 1000 923 1065 XIX

179 1161 196 1228 ς
305 1151 345 1216 In
365 1152 470 1218 causis
492 1150 662 1219 audiendis
683 1150 847 1232 quomodo
869 1173 904 1217 se
923 1151 1061 1234 gesserit
1081 1152 1286 1236 Augustinus

265 1285 451 1352 Secundum
464 1285 615 1368 Apostoli
631 1305 759 1367 quoque
774 1286 977 1364 sententiam,
993 1285 1140 1365 dicentis,
1155 1287 1268 1353 Audet
1283 1288 1370 1371 quis-

222 1408 320 1470 quam
337 1395 483 1452 vestrum
501 1386 662 1452 adversus
679 1388 819 1452 alterum
838 1387 1005 1470 negotium
1024 1389 1146 1453 habens
1164 1387 1310 1456 iudicare
1330 1389 1370 1454 ab

221 1486 351 1570 iniquis,
368 1497 401 1554 et
414 1507 482 1553 non
496 1487 584 1571 apud
598 1489 750 1554 sanctos?
784 1489 842 1552 An
857 1487 989 1554 nescitis
1005 1488 1083 1571 quio
1097 1489 1204 1554 suncti
1219 1489 1262 1554 de
1277 1507 1370 1554 mun·

221 1591 263 1655 do
281 1588 492 1654 iudicabunt?
528 1589 573 1652 Et
590 1588 620 1654 si
636 1588 672 1654 in
688 1588 782 1654 vobis
797 1587 962 1654 iudicatur
977 1587 1129 1667 mundus,
1147 1588 1274 1672 melloni
1292 1589 1370 1654 estis

160 1704 199 1754 10
220 1689 417 1755 iudiciormn
439 1688 670 1754 mittistwrum?
714 1689 858 1755 Nescitis
882 1689 1037 1773 quonium
1059 1689 1191 1773 ustyelos
1215 1689 1371 1756 iudicabi-

221 1811 304 1869 mus,
318 1791 440 1856 nedum
453 1790 634 1856 secularia?
648 1791 675 1856 S
675 1789 818 1855 eculanit
831 1789 952 1856 iudicia
965 1792 996 1856 si
1008 1790 1187 1856 habueritis
1200 1791 1287 1855 inter
1299 1810 1370 1868 vos,

221 1911 277 1956 eos
290 1891 346 1974 qui
358 1891 615 1974 contemptibiles
624 1902 701 1956 sunt
713 1891 749 1956 in
759 1890 914 1968 Ecclesia,
928 1891 988 1957 hos
1002 1891 1158 1958 collocate
1169 1893 1211 1956 ud
1224 1890 1370 1956 iudican-

221 1993 307 2058 dum.
353 1993 411 2057 Ad
432 1990 650 2057 reverentiam
671 1991 764 2058 vobis
788 1995 911 2074 loquor.
958 1991 1014 2058 stc
1039 2015 1107 2058 mm
1129 2001 1179 2058 est
1201 1991 1288 2062 inter
1310 2012 1370 2057 vos

221 2093 393 2175 quisquam
410 2091 541 2174 sapiens
559 2093 616 2176 qui
634 2092 739 2176 possit
757 2093 843 2158 inter
860 2093 1003 2176 fratrem
1020 2113 1118 2158 suum
1136 2092 1291 2170 iudicare,
1311 2091 1371 2160 sed

159 2208 195 2277 ις
219 2193 328 2275 frater
343 2213 416 2258 oum
429 2193 536 2276 fratre
551 2192 671 2259 iudicio
687 2192 863 2269 contendit,
879 2201 911 2259 et
926 2195 989 2258 hoc
1004 2194 1092 2275 apud
1106 2192 1279 2275 infideles.1
1315 2192 1370 2278 In·

219 2295 409 2378 terpellatus
427 2315 506 2378 ergo
524 2317 544 2360 a
563 2295 757 2362 Christianis
776 2297 865 2362 vela
884 2295 1041 2378 cuiusque
1060 2305 1167 2362 sectae
1186 2295 1370 2360 hominibus

220 2415 335 2461 causas
358 2395 523 2460 audiebat²
545 2395 716 2478 diligenter
737 2417 776 2460 ac
796 2396 866 2478 pie:
889 2395 1059 2463 cuiusdam
1079 2395 1274 2462 sententiam
1294 2405 1370 2460 ante

222 2499 334 2564 oculos
360 2499 491 2577 habens
518 2498 627 2565 dicens
653 2519 688 2565 se
711 2500 809 2565 malle
834 2499 919 2564 inter
944 2498 1135 2582 incognitos,
1161 2518 1259 2580 quam
1285 2499 1370 2563 inter

221 2598 342 2665 amicos
363 2620 477 2666 causas
497 2599 628 2666 audire:
650 2621 690 2666 eo
709 2600 797 2681 quod
817 2598 858 2666 de
878 2599 1060 2682 incognitis,
1080 2620 1141 2683 pro
1162 2621 1228 2682 quo
1248 2600 1371 2665 arbitra

156 2717 199 2767 20
221 2701 384 2782 aequitate
398 2701 606 2778 iudicaretur,
624 2701 766 2766 amicum
780 2711 890 2782 posset
905 2699 1089 2782 acquirere:
1107 2699 1148 2766 de
1164 2700 1275 2765 amicis
1293 2720 1371 2766 vero

221 2822 325 2867 unum
339 2812 434 2879 esset,
450 2812 564 2867 contra
580 2821 677 2882 quem
693 2801 852 2867 sententia
869 2801 1085 2884 proferretur,
1101 2799 1298 2884 perditurus.
1327 2799 1371 2864 Et

221 2922 278 2968 eas
302 2903 477 2984 aliquando
501 2923 605 2984 usque
627 2902 671 2968 ad
695 2902 812 2968 horam
835 2901 1035 2980 refectionis,
1061 2900 1236 2982 aliquando
1261 2909 1371 2966 autem

221 3011 291 3068 tota
310 3001 364 3068 die
383 3003 541 3081 ieiunans,
562 3023 689 3084 semper
709 3013 818 3068 tamen
837 3002 990 3068 noscebat
1009 3011 1041 3067 et
1064 3001 1244 3078 dirimebat,
1266 3001 1370 3066 inteu-

222 3104 302 3168 dens
320 3103 353 3168 in
370 3104 418 3170 eis
434 3102 697 3168 Christianorum
713 3113 878 3168 momenta
895 3103 1089 3180 animorum,
1107 3112 1266 3184 quantum
1282 3100 1370 3184 quis·

155 3218 175 3266 2
180 3213 196 3282 ς
222 3224 285 3286 que
298 3207 350 3270 vel
364 3207 399 3271 in
412 3205 477 3272 fide
490 3206 647 3287 bonisque
661 3205 805 3272 moribus
820 3204 1002 3289 proficeret,
1019 3204 1070 3270 vel
1085 3205 1125 3271 ab
1141 3203 1192 3270 his
1209 3202 1370 3269 deficeret.

257 3415 441 3470 1potuerunt
458 3404 493 3468 E,
511 3412 644 3470 poterunt
663 3402 725 3459 edd.
761 3403 921 3470 Qexltibet
938 3402 1082 3470 potuerint
1148 3402 1271 3460 voluerit
1289 3402 1316 3456 A
1336 3419 1374 3456 vo

221 3477 252 3534 in
268 3493 377 3542 rasura,
393 3475 533 3532 valuerint
551 3477 574 3530 F
641 3489 658 3542 7
676 3475 793 3532 iudicari
810 3475 916 3532 DEFG
934 3475 988 3530 edd
1055 3475 1073 3530 8
1090 3475 1226 3530 mundum
1245 3471 1376 3529 CDEFG

223 3548 278 3604 edd
344 3549 732 3616 9Et....minimornm'om.
749 3549 786 3614 A,
802 3549 866 3604 odd.
882 3547 927 3601 A*
995 3547 1076 3602 nobis
1091 3547 1137 3600 A*
1204 3543 1373 3604 iudicabitur

224 3621 298 3678 A*D
395 3628 462 3678 sunt
484 3620 581 3678 A*BG
682 3635 821 3686 coquam
845 3619 904 3686 BC,
927 3617 994 3686 quia
1017 3619 1072 3674 DF
1096 3619 1157 3674 edd·
1252 3631 1280 3674 11
1306 3633 1372 3673 nec·

222 3690 290 3746 dnm
310 3688 403 3756 'BDG,
426 3701 531 3757 quanto
556 3689 646 3758 magis
672 3690 740 3746 CD*
833 3685 1115 3756 secularial÷igitur
1139 3687 1298 3746 BCDEFG
1319 3687 1373 3744 edd

224 3773 255 3819 12
277 3762 314 3818 ad
334 3763 514 3820 iudicandum
538 3779 592 3818 om.
613 3761 670 3817 BN
738 3777 770 3829 14
790 3761 945 3818 diiudicare
965 3761 1046 3818 DFG
1067 3761 1122 3815 edd
1191 3760 1374 3815 sed....con·

224 3835 315 3893 tendit
335 3855 390 3892 om.
408 3837 445 3901 D,
465 3835 529 3891 add.
548 3835 593 3890 D*
685 3847 715 3900 15
737 3831 840 3890 indicio
862 3851 916 3890 onu
937 3833 1000 3900 BQ,
1020 3831 1190 3888 diiudicatur
1211 3832 1280 3888 CD*
1300 3832 1372 3896 edd,

222 3905 364 3962 iudicatur
375 3906 411 3972 E,
425 3906 592 3961 diiudicaret
605 3905 629 3958 F
699 3905 731 3961 16
744 3923 762 3960 a
774 3900 947 3966 christianis]
965 3922 984 3959 a
998 3921 1052 3960 om.
1066 3903 1092 3956 A
1164 3915 1195 3969 17
1209 3902 1373 3968 cuiusquam

221 3979 259 4045 A,
277 3979 410 4045 cuiusque
429 3979 466 4043 D,
485 3979 674 4043 cuiuscunque
692 3976 738 4029 D*
808 3977 839 4032 18
857 3973 977 4030 dicentis
995 3972 1152 4030 BCDEFG
1170 3972 1224 4029 edd
1291 3989 1324 4028 22
1343 3973 1374 4028 in

222 4053 323 4108 horam
341 4051 480 4118 BCEGQ,
498 4051 528 4104 in
546 4051 617 4105 hora
635 4050 673 4115 D,
692 4065 779 4114 usque
797 4049 897 4103 horam
917 4047 941 4101 F
1008 4059 1041 4112 25
1059 4045 1095 4101 iis
1115 4046 1170 4101 edd
