3264 4658
236 436 285 491 106
555 433 686 492 SANCT
688 435 702 490 1
720 433 945 500 AUGUSTINI
963 433 1063 491 VITA

235 594 303 660 vita
321 605 354 660 et
372 593 517 659 moribus
535 592 677 659 hominis
696 594 759 658 Dei
780 592 952 673 referebat,
973 592 1062 676 quod
1081 593 1231 659 instituto
1253 605 1383 659 sanctae

234 696 410 760 memoriae
426 695 592 760 Ambrosii
610 705 821 777 compererat,
839 705 876 760 ut
893 713 1030 760 uxorem
1048 694 1200 776 cuiquam
1217 714 1385 776 nunquam

234 805 393 878 posceret,
410 815 513 877 neque
530 794 671 862 militare
689 795 852 861 volentem
868 795 912 860 ad
929 796 992 861 hoc
1009 796 1260 873 commendaret,
1278 815 1384 878 neque

234 897 268 960 in
296 917 355 962 sua
380 894 488 979 patria
513 895 651 978 petitum
679 895 727 960 ire
753 898 795 962 ad
822 895 1026 961 convivium:
1055 896 1094 962 de
1123 896 1258 978 singulis
1287 898 1383 962 rebus

191 1011 206 1079 5
234 1009 442 1081 praesentens
463 1018 588 1076 causas,
609 998 793 1064 scilicetne
814 998 893 1064 dum
913 1001 998 1064 inter
1018 1020 1053 1065 se
1072 998 1236 1082 coniugati
1257 1001 1384 1088 iurgar-

234 1109 299 1178 ent,
317 1100 348 1164 ei
364 1099 595 1188 maledicerent
612 1120 671 1182 per
688 1119 785 1181 quern
802 1099 966 1165 coniuncti
985 1109 1101 1166 essent.
1143 1099 1210 1167 Sed
1227 1100 1322 1182 plane
1341 1099 1385 1166 ad

234 1203 297 1266 hoc
310 1201 371 1268 sibi
385 1201 451 1265 iam
466 1201 702 1276 consentientes
716 1200 855 1283 petitum
869 1202 1025 1268 interesse
1041 1200 1157 1266 debere
1172 1199 1383 1278 sacerdotem,

235 1313 271 1366 ut
285 1304 337 1368 vel
351 1321 465 1367 eorum
478 1302 545 1367 iam
558 1312 653 1384 pacta
668 1301 720 1367 vel
734 1302 853 1384 placita
867 1301 1076 1368 firmarentur
1091 1302 1143 1366 vel
1157 1300 1384 1367 benediceren-

235 1415 299 1470 tur.
345 1402 389 1467 Et
410 1424 452 1468 ue
474 1403 611 1468 militiae
633 1401 878 1468 commendatus
903 1423 940 1468 ac
963 1404 1049 1467 male
1070 1422 1171 1485 agens
1196 1403 1265 1467 eius
1289 1403 1384 1485 culpa

171 1519 211 1568 ιο
236 1502 446 1586 suffragatori
471 1503 677 1569 tribueretur.
723 1503 767 1570 Et
791 1525 834 1569 ne
856 1523 915 1586 per
941 1503 1160 1585 frequentiam
1184 1505 1218 1567 in
1243 1502 1384 1586 propriis

235 1603 460 1671 conviviorum
479 1603 636 1670 institutis
655 1604 890 1686 temperantiae
909 1604 1112 1669 amitteretur
1133 1603 1259 1669 modus.

277 1705 483 1771 indicaverat
502 1725 630 1787 quoque
649 1705 742 1770 nobis
762 1726 796 1771 se
816 1704 973 1787 praedicti
992 1706 1105 1771 beatae
1125 1704 1301 1769 memoriae
1321 1704 1384 1769 viri

235 1807 269 1870 in
287 1807 401 1872 ultimo
419 1807 506 1872 vitae
524 1807 691 1872 constituti
710 1805 839 1872 audisse
859 1804 1134 1887 sapientissimum
1151 1818 1184 1872 et
1202 1805 1385 1888 piissimrun

236 1915 436 1989 responsum,
464 1918 496 1973 et
522 1908 662 1972 multum
687 1907 839 1972 laudabat
864 1927 904 1972 ac
930 1905 1144 1988 praedicabat.
1195 1905 1283 1971 Nam
1310 1925 1385 1970 curn

171 2016 208 2084 15
235 2009 289 2074 ille
302 2009 494 2074 venerabilis
509 2009 624 2074 ultima
638 2010 757 2074 iaceret
771 2008 984 2090 aegritudine,
1000 2019 1032 2073 et
1047 2029 1067 2072 a
1080 2007 1229 2073 fidelibus
1244 2007 1384 2072 honora·

234 2110 277 2174 tis
294 2109 378 2175 lecto
395 2109 465 2174 eius
483 2110 663 2175 astantibus
681 2120 714 2175 et
731 2109 915 2175 videntibus
934 2129 1010 2174 eum
1027 2107 1071 2175 ad
1088 2109 1197 2174 Deum
1215 2107 1256 2174 de
1275 2109 1384 2173 seculo

233 2211 460 2292 migraturum,
478 2219 511 2275 et
529 2211 569 2275 ob
586 2211 649 2275 hoc
666 2209 883 2275 maerentibus
901 2210 1040 2275 tantiae
1057 2207 1132 2275 talis
1149 2207 1303 2274 antistitis
1321 2207 1384 2274 Ec·

236 2313 367 2378 clesiam
391 2333 485 2394 posse
509 2314 632 2395 privari
656 2314 746 2378 verbi
770 2323 803 2378 et
827 2313 1020 2378 sacramenti
1045 2314 1108 2377 Dei
1134 2311 1384 2393 dispensatione,

235 2425 268 2479 et
293 2424 463 2496 rogaretur
487 2433 563 2480 cum
587 2414 739 2490 lacrimis,
765 2426 801 2480 ut
826 2413 886 2478 sibi
912 2435 931 2478 a
956 2413 1099 2479 Domino
1125 2414 1210 2479 vitae
1235 2423 1384 2499 posceret

154 2519 211 2577 '20
236 2525 461 2592 commeatum,
482 2515 640 2581 cumillis
662 2515 802 2580 dixisse:
844 2514 943 2579 “Non
965 2513 1012 2578 sic
1031 2514 1111 2591 vixi,
1133 2524 1170 2579 ut
1189 2535 1243 2578 me
1264 2513 1386 2595 pudeat

236 2617 320 2681 inter
341 2636 400 2681 vos
420 2616 548 2681 vivere:
571 2617 628 2681 sed
649 2633 709 2680 nec
728 2616 814 2680 mori
835 2615 944 2691 timeo,
966 2614 1043 2696 quia
1064 2617 1186 2681 bonum
1206 2615 1386 2680 Dominum

236 2718 437 2784 habemus.’'²
485 2717 529 2782 Et
555 2718 589 2782 in
614 2718 666 2782 his
691 2728 803 2783 noster
829 2714 1034 2799 Augustinus
1061 2735 1163 2780 senex
1189 2715 1319 2780 elimata
1346 2735 1385 2780 ac

235 2822 352 2887 librata
374 2819 597 2886 admirabatur
618 2831 651 2886 et
673 2820 825 2886 laudabat
848 2821 957 2886 verba.
1002 2818 1082 2886 ideo
1105 2819 1290 2884 enimcum
1312 2817 1385 2884 dix-

272 3035 284 3074 1
308 3021 338 3076 in
359 3021 490 3076 instituto
511 3020 567 3077 edd
658 3035 676 3086 4
697 3017 815 3086 petitum
837 2981 892 3086 ire]
917 3017 1275 3086 ACDEFGocdeybmnor,
1297 3017 1385 3083 apeti-

235 3102 295 3146 tum
311 3092 344 3156 B,
357 3093 412 3148 iret
425 3092 465 3156 H,
479 3091 582 3156 petitus
597 3089 651 3147 iret
666 3093 694 3157 iq
709 3089 770 3145 edd.
785 3088 903 3155 petitum
919 3090 960 3145 ire
974 3087 1145 3146 irroratione
1163 3089 1275 3155 obliquo
1289 3105 1388 3156 quom·
1501 3103 1506 3112 ·

234 3163 279 3218 vis
295 3163 347 3218 hoc
365 3165 425 3220 loco
443 3165 594 3230 abruptum
661 3176 676 3229 5
692 3171 840 3228 praestans
857 3161 923 3227 GH,
940 3161 1061 3218 reddens
1076 3161 1180 3218 CDEF
1197 3162 1253 3217 edd
1320 3179 1386 3217 con·

237 3233 444 3304 iugatil-l-easu
458 3237 491 3291 H
506 3235 561 3292 edd
641 3247 658 3301 7
672 3233 728 3290 illis
743 3230 982 3290 consentientibus
998 3234 1062 3290 edd.
1095 3233 1121 3300 Q
1139 3231 1253 3288 exbibet
1268 3248 1387 3288 consen-

234 3305 338 3361 tientes
404 3308 422 3361 8
444 3314 527 3371 pacta
550 3307 595 3361 vel
621 3304 735 3371 placita]
763 3303 920 3371 ABcspjm,
946 3305 1023 3359 iacta
1048 3321 1075 3369 o,
1100 3304 1155 3359 iam
1183 3303 1260 3358 facta
1285 3299 1388 3366 placi-ta

239 3379 528 3446 CDEFGHodhlnqr,
546 3387 628 3444 pacta
646 3386 674 3433 et
691 3375 793 3445 placita
812 3377 867 3433 edd
954 3391 986 3430 10
1002 3376 1033 3432 in
1051 3374 1173 3441 propriis
1191 3373 1386 3430 conviviorum

236 3445 385 3511 institutis]
410 3448 463 3514 Ae,
486 3447 621 3515 improbis
644 3447 755 3514 Bcpjm,
779 3449 807 3503 in
830 3445 925 3512 probis
950 3445 985 3512 Q,
1008 3443 1168 3501 constitutis
1193 3463 1219 3510 0,
1240 3443 1388 3515 institutus

239 3521 322 3588 GHo,
349 3519 544 3578 conbibiorum
572 3519 742 3577 constitutus
770 3537 794 3584 r,
822 3516 960 3574 conviviis
989 3515 1135 3573 institutus
1164 3517 1192 3584 tq
1221 3515 1252 3572 in
1278 3514 1387 3582 patriae

236 3591 431 3648 'conviviorum
444 3590 591 3657 institutus
605 3590 667 3656 DF,
681 3590 710 3645 in
724 3589 816 3656 patria
830 3586 1019 3644 convitiorum
1033 3587 1178 3644 institutus
1194 3588 1222 3652 d,
1236 3586 1266 3642 in
1280 3584 1388 3652 patriae

236 3663 373 3721 conviviis
393 3664 562 3720 constitutus
584 3663 673 3719 CEhn
694 3661 749 3717 edd
818 3677 850 3716 12
868 3661 943 3717 beati
962 3659 1017 3714 viri
1037 3659 1090 3726 BQ
1161 3662 1192 3716 16
1212 3653 1385 3720 videntibus]

237 3733 385 3864 orantiodus
402 3736 440 3802 A,
459 3754 513 3793 om.
533 3736 558 3792 G
624 3736 661 3792 de
681 3733 775 3792 seculo
794 3736 830 3790 ad
850 3733 935 3790 deum
953 3732 1082 3789 CDEFG
1101 3730 1162 3788 edd.
1233 3745 1266 3798 19
1283 3738 1313 3786 et
1331 3747 1386 3786 om.

238 3809 287 3867 ΟΕ
304 3809 368 3865 ed.
