3268 4668
217 375 249 427 72
537 361 683 418 SANCTI
702 361 925 418 AUGUSTINI
945 362 1042 418 VITA

217 520 583 603 propriamdefendere
605 521 866 585 communionem
889 542 954 586 non
977 522 1177 604 denegasset.
1224 522 1283 588 ille
1304 543 1365 587 nec

218 623 278 686 hac
298 620 490 699 hortatione,
511 643 570 686 nec
590 641 726 687 suorum
744 632 917 704 parentum
936 634 968 688 et
988 622 1108 687 civium
1129 623 1263 689 instanti
1282 623 1364 704 peti-

216 722 305 788 tione
323 721 357 787 id
375 721 484 787 iacere
500 723 613 798 voluit,
631 723 687 804 qui
704 722 734 788 ei
751 722 984 802 pollicebantur
1002 743 1037 788 se
1053 726 1096 790 ad
1113 723 1182 788 eius
1202 723 1363 789 redituros

218 824 487 900 conmunionem,
513 823 611 888 etiarn
633 843 710 888 cum
733 823 918 890 discrimine
941 823 1213 907 patrimoniorum
1236 826 1365 890 salutis-

178 946 193 1015 5
217 945 280 1005 que
292 945 370 989 suae
383 924 579 1006 temporalis,
594 924 621 988 si
634 924 731 989 modo
746 924 947 990 Catholicam
960 935 1129 1006 superaret
1142 927 1363 992 assertionem.

218 1026 265 1089 At
285 1025 338 1090 ille
358 1025 497 1106 amplius
519 1027 626 1090 dicere
646 1025 709 1090 illis
730 1027 830 1108 gestis
851 1025 932 1089 nihil
953 1025 1066 1104 voluit,
1088 1047 1147 1090 nec
1168 1026 1279 1103 valuit,
1300 1027 1364 1091 nisi

216 1136 361 1191 tantum:
388 1126 482 1190 “Iam
508 1127 563 1191 illa
588 1136 679 1208 gesta
706 1126 881 1203 continent,
908 1146 992 1208 quae
1019 1127 1106 1208 apud
1135 1127 1365 1208 Carthaginem

218 1226 303 1292 inter
321 1227 489 1309 episcopos
509 1238 584 1291 sunt
602 1227 762 1304 confecta,
783 1237 894 1292 utrum
912 1227 1085 1292 vicerimus
1104 1249 1145 1292 an
1165 1227 1242 1293 victi
1263 1227 1365 1293 fueri-

216 1327 335 1392 mus.''⁴
375 1328 418 1391 Et
436 1327 501 1394 alio
519 1329 593 1393 loco
610 1328 690 1393 dum
708 1349 728 1392 a
744 1329 874 1392 notario
892 1339 928 1392 ut
948 1329 1156 1410 responderet
1176 1329 1365 1394 admonere-

159 1447 198 1496 10
219 1439 282 1504 tur,
307 1428 362 1504 ait,
387 1439 418 1493 et
442 1449 517 1492 curn
541 1430 712 1506 reticeret,⁶
738 1429 890 1511 iactaque
913 1429 983 1494 eius
1006 1429 1131 1495 cunctis
1154 1429 1365 1494 manifestata

218 1527 405 1606 diffidentia,
420 1529 584 1595 Ecclesiae
599 1530 661 1594 Dei
677 1540 849 1611 augmenta
863 1551 903 1594 ac
917 1529 1122 1594 firmamenta
1137 1540 1365 1612 provenerunt.

219 1629 376 1711 Quisquis
404 1651 484 1712 ergo
511 1630 712 1712 diligentiam
738 1643 770 1697 et
797 1651 931 1713 operam
958 1631 1162 1696 beatissimae
1189 1631 1366 1697 memoriae

218 1730 394 1812 Augustini
412 1752 472 1812 pro
491 1731 655 1796 Ecclesiae
673 1733 735 1795 Dei
754 1742 841 1796 statu
860 1752 1054 1813 cognoscere
1072 1731 1197 1814 plenius
1216 1732 1365 1808 voluerit,

219 1832 317 1896 etiam
334 1832 389 1897 illa
407 1843 576 1914 percurrat
592 1835 714 1915 gesta:⁶
734 1843 766 1898 et
785 1832 926 1899 inveniet
944 1853 1028 1914 quae
1045 1835 1096 1896 vel
1115 1832 1223 1914 qualia
1242 1832 1366 1913 protul-

158 1948 194 2017 15
219 1931 289 2009 erit,
312 1933 427 2013 quibus
450 1932 541 1997 illum
563 1932 705 2010 doctum,
728 1934 941 2015 eloquentem,
964 1945 996 2001 et
1018 1932 1241 2015 praedicatum
1263 1933 1364 1997 homi·

217 2054 293 2098 nem
320 2035 506 2114 provocarit
533 2035 745 2116 hortatusque
775 2034 885 2111 fuerit,
915 2047 951 2100 ut
979 2055 1040 2117 pro
1068 2054 1146 2098 suae
1174 2033 1366 2098 defensione

218 2135 319 2215 partis
339 2135 426 2216 quod
444 2135 540 2200 vellet
558 2134 708 2213 ediceret,
728 2137 882 2217 illumque
901 2134 1024 2200 victum
1043 2145 1223 2216 cognoscet.

673 2338 826 2403 CAPUT
842 2339 908 2400 XV

286 2503 288 2508 ·
365 2489 576 2571 Digressione
597 2489 817 2578 concionantis
839 2497 1016 2557 conversus
1039 2490 1222 2572 negotiator

155 2605 197 2653 20
476 2599 479 2606 '
623 2591 791 2656 nomine
810 2591 940 2656 Firmus

263 2724 339 2790 Scio
362 2725 440 2790 item
460 2745 527 2788 non
548 2725 636 2789 solus
659 2724 737 2804 ipse,
760 2745 874 2789 verum
896 2724 994 2790 etiam
1015 2723 1071 2789 alii
1093 2725 1215 2789 fratres
1237 2735 1270 2788 et
1291 2744 1367 2788 con·

219 2825 315 2902 servi,
340 2828 395 2906 qui
420 2827 589 2891 nobiscum
613 2837 691 2890 tunc
716 2827 802 2889 intra
827 2825 1075 2908 Hipponensem
1100 2823 1266 2890 ecclesiam
1294 2845 1368 2890 cum

219 2926 334 2992 eodem
352 2936 465 2992 sancto
483 2927 555 2992 viro
573 2925 733 3002 vivebant,
751 2925 844 2990 nobis
864 2925 907 2991 ad
925 2945 1070 2989 mensam
1087 2925 1273 2990 constitutis
1291 2945 1368 2990 eum

221 3029 359 3094 dixisse:
398 3028 617 3094 “Advertistis
633 3028 730 3093 hodie
746 3028 780 3092 in
797 3028 932 3093 ecclesia
947 3049 1056 3093 meum
1074 3047 1265 3104 sermonem,
1283 3026 1368 3092 eius-

155 3140 194 3210 25
220 3149 283 3211 que
303 3129 430 3194 initium
450 3141 481 3196 et
500 3129 599 3194 finem
615 3139 730 3194 contra
747 3151 856 3195 meam
874 3127 1141 3193 consuetudinem
1161 3127 1367 3210 processisse,

220 3229 375 3312 quoniam
394 3251 460 3295 non
483 3251 556 3295 eam
577 3252 646 3296 rem
668 3231 874 3306 terminatam
896 3228 1107 3317 explicuerim
1130 3249 1228 3310 quam
1251 3247 1369 3310 propo-

255 3434 441 3500 1denegaret
460 3433 522 3488 edd.
557 3432 718 3499 Qexhiber
737 3431 904 3500 denegasset
971 3448 1060 3497 neque
1081 3431 1184 3488 CDEF
1204 3431 1267 3486 edd.
1353 3446 1371 3484 2

219 3507 347 3576 oratione
367 3506 449 3572 BDQ
517 3518 534 3571 7
556 3507 611 3561 iam
635 3502 824 3573 illd-linquit
845 3505 899 3560 edd
967 3521 1038 3570 quae
1061 3521 1115 3560 om.
1138 3502 1294 3559 BCDEFG
1315 3502 1369 3556 edd

218 3580 235 3636 8
252 3588 316 3636 sunt
333 3597 390 3634 orn.¹
403 3578 558 3634 BCDEFG
574 3578 628 3633 edd
695 3594 712 3644 9
729 3579 795 3633 dum
812 3595 829 3632 a
845 3575 956 3633 notario
973 3577 1203 3642 ut'responderet
1220 3575 1369 3632 admoner-

220 3661 292 3716 etur,
312 3651 358 3715 ait,
378 3659 488 3706 etcum
507 3651 644 3714 reticeret,
666 3651 796 3715 factaque
815 3647 876 3704 eius
895 3647 1015 3716 cunctis]
1039 3648 1178 3716 DEbpnp,
1198 3647 1368 3712 respondere

219 3721 246 3786 h,
267 3722 467 3778 admoneretur
486 3729 520 3776 ut
539 3719 722 3786 responderet
741 3738 778 3784 m,
797 3720 966 3774 admonetur
985 3737 1008 3785 c,
1028 3719 1097 3774 nihil
1118 3719 1157 3774 ait
1176 3718 1210 3783 B,
1230 3716 1317 3774 tacuit
1338 3715 1369 3780 C,

219 3795 286 3851 dum
306 3791 358 3859 Flr,
379 3795 456 3850 facta
474 3793 554 3858 AGe,
574 3793 652 3850 iacta
671 3810 726 3859 qua
746 3793 786 3848 eis
807 3811 831 3857 r,
850 3790 1003 3846 manifesta
1024 3791 1073 3856 Ce,
1093 3799 1121 3846 et
1141 3789 1271 3846 reticeret
1292 3789 1370 3844 facta

220 3869 280 3924 eius
297 3869 404 3924 cunctis
424 3887 450 3932 o,
468 3868 535 3922 dum
553 3885 570 3922 a
588 3866 699 3922 notario
717 3865 773 3921 alio
791 3875 822 3922 ut
842 3864 1025 3928 responderet
1042 3863 1241 3918 admoneretur
1260 3873 1369 3917 etcum

220 3941 350 3998 reticeret
364 3941 425 3998 eius
441 3939 549 3996 mnctis
564 3938 749 3994 manifestata
764 3947 808 3994 est
821 3935 976 3992 diffidentia
992 3935 1019 4001 d,
1034 3933 1236 3990 admoneretur
1251 3933 1367 3990 omnino

219 4011 331 4068 reticuit
352 4011 472 4067 siccius
494 4009 600 4065 cunctis
620 4007 658 4074 ff,
681 4008 736 4064 alio
759 4007 821 4063 loco
843 4023 907 4061 cum
929 4005 1058 4061 reticeret
1081 4013 1109 4060 et
1130 4005 1196 4060 dum
1218 4021 1235 4058 a
1256 4003 1368 4058 notario

219 4092 251 4140 ut
269 4083 452 4151 responderet
467 4083 669 4140 admoneretur
686 4079 726 4135 ait
743 4078 808 4134 Fac.
826 4077 892 4145 Qua
908 4077 969 4134 eius
987 4075 1094 4133 cunctis
1114 4075 1148 4143 lq,
1166 4073 1366 4133 admoneretur
