3268 4668
243 451 277 501 44
564 432 710 488 SANCTI
729 432 952 489 AUGUSTINI
972 432 1070 518 VITA

246 583 394 665 cupiens:
413 583 452 647 Si
468 583 519 648 vir
537 605 608 649 esse
624 585 800 667 perfectus,
820 585 924 649 vende
944 585 1053 648 omnio
1071 603 1153 666 quoe
1172 584 1280 662 hebes,
1301 595 1332 648 et
1350 585 1394 648 do

245 685 450 765 pauperibus,
463 695 497 750 et
510 685 641 750 habebis
657 687 846 750 thesaurum
859 685 893 750 in
909 686 1016 764 coelis,
1032 696 1065 749 et
1078 684 1154 750 verri
1167 706 1301 767 sequere
1316 689 1393 752 rete.⁴

246 785 289 848 Et
310 806 407 867 super
426 784 502 850 fidei
525 786 774 850 fundamentum
795 785 967 850 aedificare
988 784 1186 863 desiderans,
1208 807 1273 849 non
1295 785 1391 867 ligna,

247 885 362 950 fenum
378 897 411 951 et
428 886 589 967 stipulam,
609 889 665 951 sed
682 906 809 964 aurum,
828 897 1000 968 argentum
1018 897 1050 951 et
1066 885 1189 968 lapides
1208 886 1392 968 pretiosos.⁶

205 998 220 1064 5
246 987 289 1052 Et
318 998 387 1051 erat
416 999 493 1052 tunc
520 987 614 1051 annis
642 987 749 1052 maior
776 985 933 1069 triginta,‘⁵
964 986 1033 1052 sola
1062 986 1235 1068 superstite
1262 989 1391 1064 matre!

246 1087 369 1168 sibique
385 1088 589 1164 adhaerente,
605 1097 637 1153 et
652 1087 693 1152 de
708 1097 859 1170 suscepto
874 1088 943 1153 eius
959 1087 1126 1169 proposito
1143 1087 1304 1152 serviendi
1321 1089 1392 1153 Deo

245 1188 384 1269 amplius
401 1208 500 1268 quam
518 1189 557 1252 de
575 1188 681 1252 carnis
698 1188 868 1270 nepotibus
886 1188 1094 1253 exsultante.⁸
1135 1189 1222 1252 Nam
1240 1189 1306 1252 iam
1323 1187 1392 1252 eius

246 1299 338 1369 pater
363 1299 457 1352 antea
483 1287 659 1353 defunctus
685 1291 779 1353 erat⁰
827 1289 1043 1354 Renunciavit
1067 1288 1167 1353 etiam
1193 1288 1392 1353 scholasticis

246 1409 327 1470 quos
349 1388 459 1452 rhetor
479 1389 623 1466 docebat,
645 1401 681 1454 ut
701 1389 761 1454 sibi
780 1389 974 1472 magistrum
995 1391 1095 1454 alium
1114 1390 1332 1471 providerent,
1354 1409 1393 1453 eo

185 1515 224 1562 10
246 1488 334 1570 quod
353 1489 474 1554 servire
494 1491 562 1571 ipse
581 1492 655 1556 Deo
672 1489 905 1555 decrevisset.¹⁰

705 1694 859 1759 cneus
877 1693 928 1755 111

644 1843 796 1909 Secessus
814 1843 994 1925 Augustini

288 1978 337 2042 Ac
353 1979 474 2060 placuit
489 1979 519 2042 ei
537 1989 688 2060 percepta
704 1978 809 2060 gratia
826 1999 901 2042 cum
917 1978 988 2044 aliis
1006 1978 1129 2043 civibus
1147 1989 1179 2043 et
1197 1977 1308 2042 amicis
1326 1977 1393 2042 suis

246 2081 319 2144 Deo
349 2078 470 2160 pariter
501 2079 713 2144 servientibus
745 2083 786 2144 ad
817 2079 971 2143 Africam
1000 2089 1033 2144 et
1062 2079 1230 2160 propriam
1260 2077 1395 2143 domurn

185 2203 198 2250 1
205 2200 220 2267 ς
245 2199 406 2261 agrosque
426 2200 577 2244 remeare.
619 2179 675 2244 Ad
693 2199 774 2261 quos
794 2181 936 2256 veniens,
957 2191 991 2245 et
1009 2180 1044 2243 in
1064 2179 1179 2260 quibus
1200 2179 1393 2244 constitutus

248 2281 352 2344 ferme
373 2281 536 2357 triennio,1
556 2291 589 2348 et
608 2302 628 2345 a
649 2301 684 2344 se
704 2281 770 2345 iam
790 2280 947 2357 alienatis,
969 2301 1044 2344 curn
1063 2280 1113 2345 his
1135 2280 1190 2361 qui
1212 2281 1318 2344 eidem
1338 2279 1394 2343 ad-

246 2382 421 2446 haerebant
439 2383 510 2447 Deo
528 2381 665 2457 vivebat,
684 2381 822 2458 ieiuniis,
840 2381 1050 2458 orationibus,
1068 2382 1162 2445 bonis
1181 2381 1341 2463 operibus,
1361 2381 1394 2444 in

246 2482 316 2564 lege
333 2482 465 2547 Domini
481 2482 641 2547 meditans
659 2482 711 2546 die
728 2503 766 2546 ac
782 2485 899 2548 nocte.²
939 2483 983 2546 Et
1000 2483 1041 2546 de
1057 2483 1107 2546 his
1125 2503 1208 2563 quae
1226 2481 1286 2546 sibi
1304 2480 1394 2545 Deus

247 2583 401 2665 cogitanti
421 2593 517 2663 atque
534 2584 642 2647 oranti
661 2583 821 2648 intellecta
841 2584 1012 2660 revelabat,
1033 2593 1065 2646 et
1083 2592 1270 2664 praesentes
1289 2592 1322 2647 et
1339 2582 1395 2645 ab·

181 2702 223 2750 20
246 2668 353 2750 sentes
381 2684 582 2749 sermonibus
611 2704 649 2748 ac
676 2683 766 2748 libris
795 2683 939 2748 docebat
991 2683 1135 2764 Contigit
1165 2684 1252 2747 forte
1280 2681 1396 2748 eodem

246 2795 401 2866 tempore,
417 2796 454 2849 ut
466 2785 601 2866 quidam
616 2806 658 2849 ex
672 2784 733 2861 his,
749 2804 831 2865 quos
846 2783 958 2852 dicunt
973 2793 1105 2865 agentes
1122 2785 1156 2848 in
1173 2785 1291 2859 rebus,8
1308 2781 1396 2864 apud

247 2886 589 2968 Hipponem-regium⁴
626 2886 830 2962 constitutus,
867 2886 948 2949 bene
985 2873 1189 2949 Christianus
1224 2886 1395 2964 Deumque

246 2987 373 3063 timens,
397 2996 562 3069 comperta
584 2985 653 3051 eius
675 2987 760 3050 bona
783 2986 873 3051 fama
895 2995 992 3066 atque
1010 2984 1173 3062 doctrina,
1196 2983 1395 3050 desideraret

247 3097 344 3168 atque
369 3098 496 3169 optaret
519 3107 594 3151 eum
617 3087 738 3164 videre,
762 3087 954 3167 promittens
981 3108 1015 3150 se
1039 3105 1135 3167 posse
1158 3086 1273 3148 mundi
1297 3084 1395 3149 huius

181 3202 200 3249 2
206 3197 221 3266 5
247 3208 358 3252 omnes
375 3199 580 3253 contemnere
598 3187 789 3269 cupiditates
808 3197 905 3268 atque
923 3185 1097 3263 illecebras,
1116 3186 1143 3250 si
1161 3185 1335 3266 aliquando
1353 3205 1396 3250 ex

247 3289 317 3354 eius
334 3310 391 3353 ore
407 3288 469 3354 Dei
486 3290 621 3353 verbum
637 3290 750 3352 audire
766 3288 947 3353 meruisset.
986 3286 1086 3369 Quod
1104 3286 1238 3351 cunrad
1255 3308 1290 3351 se
1307 3285 1395 3350 fideli

249 3388 367 3454 fuisset
393 3389 547 3455 relatione
572 3389 724 3466 delatum,
750 3389 880 3454 liberari
905 3389 1047 3454 animam
1073 3388 1206 3471 cupiens
1231 3388 1272 3452 ab
1297 3386 1395 3456 huius

280 3580 339 3638 4et
356 3572 403 3638 (2)
421 3590 476 3627 om.
488 3571 605 3626 ABHK
668 3585 683 3638 7
697 3571 754 3627 iam
768 3591 823 3628 om.
837 3571 991 3627 CDEFHJ
1005 3571 1075 3637 edd,
1090 3587 1155 3626 nam
1170 3569 1230 3626 eius
1245 3579 1324 3637 pater
1337 3569 1395 3624 iam

248 3642 278 3697 K
346 3657 365 3708 9
384 3642 554 3698 rhetoricam
574 3641 667 3698 CD*F
688 3643 750 3700 edd.
772 3643 796 3709 Q
820 3642 934 3697 exhibet
953 3641 1059 3698 rhetor.
1097 3642 1145 3710 Cf.
1164 3642 1240 3707 Aug.
1260 3640 1346 3708 Cous.
1369 3640 1396 3696 V

246 3713 287 3769 vii
298 3727 345 3778 13:
359 3731 428 3778 quas
442 3724 508 3768 tunc
521 3713 576 3768 iam
590 3714 686 3769 rhetor
699 3713 877 3780 Carthaginis
890 3712 1082 3767 adulescentes
1096 3713 1230 3768 docebam
1299 3725 1331 3766 10
1344 3710 1397 3766 deo

247 3785 307 3850 ipse
323 3786 482 3841 DEFHJK
499 3785 570 3850 edd,
587 3785 646 3852 ipse
665 3787 761 3842 om.C
831 3785 862 3840 16
878 3783 1020 3850 alienatis]
1042 3781 1395 3848 ACEFHobcreqhklmno

247 3865 307 3922 pqr,
324 3856 461 3912 alienatus
476 3857 532 3921 DJ,
547 3854 676 3911 alienatis
691 3856 767 3910 curis
782 3855 820 3919 K,
837 3854 964 3910 alienatis
981 3852 1107 3920 pristinis
1123 3853 1199 3908 vitiis
1217 3854 1250 3917 B,
1266 3851 1396 3908 alienatis

248 3926 323 3982 curis
346 3925 517 3980 secularibus
540 3925 594 3981 edd
666 3922 1260 3990 his]ABCDEFHJKobcdethlelmnopqr,
1283 3920 1318 3976 iis
1342 3920 1395 3978 edd

250 4011 285 4070 ιχ
299 3996 436 4062 bonisque
455 3995 513 4052 θ’]
532 3994 602 4059 edd,
622 4004 650 4051 et
668 3994 749 4050 bonis
768 3994 798 4049 K
868 3995 900 4050 18
919 3993 954 4048 iis
974 3993 1028 4049 edd
1099 4008 1131 4059 19
1150 3989 1292 4057 cogitandi
1312 3998 1395 4071 atque

247 4065 348 4123 orandi
361 4068 397 4131 A,
409 4066 580 4132 coagitando
594 4074 677 4130 atque
691 4063 799 4120 orando
812 4064 865 4129 At
879 4065 1020 4129 cogitante
1033 4074 1117 4129 atque
1131 4072 1230 4120 orante
1243 4063 1268 4116 Β
1314 4079 1346 4119 21
1362 4063 1396 4118 ils

247 4141 301 4195 edd
369 4153 402 4206 27
420 4140 540 4196 liberare
554 4138 619 4194 ΙΝ
636 4137 698 4193 edd.
733 4137 759 4204 Q
779 4137 891 4192 exhibet
908 4135 1029 4192 liberari.
