3264 4658
249 457 297 510 140
549 442 713 500 snum
732 441 956 500 AUGUSTINI
975 443 1074 500 VITA

246 600 381 676 invenis,
399 601 578 666 sententiae
593 619 660 664 non
677 599 880 682 praescripsi.
921 599 1042 664 Melius
1059 609 1171 665 tanren
1187 598 1276 682 quod
1293 600 1327 666 in
1344 599 1395 664 his

245 702 396 785 periculis
416 702 586 779 faciamus,
605 702 751 768 invenire
769 723 835 766 non
853 721 1037 784 possumus,
1055 721 1153 784 quam
1169 703 1335 768 orationes
1353 701 1396 767 ad

245 806 424 870 Dominum
441 805 549 870 Deum
566 816 724 882 nostrum,
743 815 780 870 ut
796 805 989 870 misereatur
1006 805 1120 870 nostri.
1160 802 1261 887 Quod
1278 805 1395 886 ipsum,

246 918 282 973 ut
295 907 416 974 scilicet
428 907 578 974 ecclesias
592 928 658 972 non
671 906 866 984 desererent,
880 908 943 973 Dei
957 906 1045 976 dono
1058 907 1205 972 nonnulli
1219 907 1395 990 prudentes

206 1014 222 1082 5
246 1020 278 1074 et
298 1011 400 1074 sancti
420 1009 533 1075 viriet
551 1009 634 1076 velle
652 1021 684 1075 et
704 1009 815 1076 tacere
832 1020 1032 1086 meruerunt,
1051 1019 1085 1074 et
1104 1010 1188 1074 inter
1207 1010 1320 1075 dentes
1339 1008 1395 1074 ob·

246 1113 454 1178 trectantium
467 1133 487 1177 a
500 1112 551 1177 sui
565 1111 723 1194 propositi
737 1111 916 1177 intentione
928 1111 1061 1178 minime
1075 1110 1298 1179 defecerunt.”

675 1315 830 1382 CAPUT
845 1315 964 1380 XXXI

656 1434 750 1500 Mors
770 1446 802 1500 et
821 1435 989 1516 sepultura

291 1573 377 1638 Sane
391 1571 445 1638 ille
460 1581 591 1653 sanctus
607 1573 640 1637 in
655 1569 723 1638 vita
738 1593 798 1637 sua
812 1573 942 1656 prolixa
955 1595 1018 1658 pro
1031 1572 1171 1638 utilitate
1186 1595 1225 1640 ac
1241 1573 1398 1644 felicitate

188 1691 226 1738 10
249 1683 378 1738 sanctae
394 1673 558 1738 Ecclesiae
573 1674 728 1738 divinitus
744 1673 928 1740 condonata
948 1674 1045 1758 (nam
1058 1673 1142 1740 vixit
1157 1675 1252 1740 annis
1269 1685 1399 1757 septua-

248 1774 338 1856 ginta
355 1794 423 1851 sex,
441 1774 474 1838 in
491 1774 643 1839 clericatu
659 1785 770 1840 autem
785 1774 840 1842 vel
854 1773 1045 1858 episcopatu
1061 1774 1155 1840 annis
1174 1775 1279 1841 ferme
1297 1774 1398 1858 quad·

249 1875 408 1958 raginu1)
436 1873 543 1943 (ficere
566 1875 658 1941 nobis
682 1876 766 1941 inter
792 1875 968 1941 familiaria
991 1876 1151 1959 colloquia
1175 1887 1398 1954 consueverat,

248 1987 323 2058 post
337 1987 526 2060 perceptum
538 1977 735 2059 baptismum
749 1977 849 2042 etiam
861 1975 1011 2042 laudatos
1027 1976 1230 2044 Christianos
1245 1986 1278 2044 et
1293 1997 1400 2043 sacer-

249 2077 343 2144 dotes
360 2079 481 2159 absque
499 2076 597 2160 digna
615 2076 647 2142 et
666 2077 860 2160 competenti
878 2077 1077 2160 poenitentia
1095 2078 1186 2144 exire
1204 2077 1245 2144 de
1263 2097 1401 2162 corpore

189 2185 226 2252 ¹5
249 2198 316 2243 non
330 2178 455 2244 debere.
492 2178 591 2260 Quod
605 2187 638 2244 et
653 2177 722 2261 ipse
738 2178 817 2244 fecit
831 2178 947 2243 ultima
961 2198 1026 2260 qua
1040 2177 1217 2244 defunctus
1231 2190 1281 2244 est
1295 2177 1400 2262 aegri-

250 2279 379 2346 tudine:
398 2300 474 2344 nam
493 2278 553 2344 sibi
572 2280 711 2346 iusserat
731 2280 878 2346 Psalmos
897 2277 1084 2355 Davidicos,
1103 2281 1160 2361 qui
1179 2289 1255 2344 sunt
1273 2279 1400 2363 paucis-

251 2380 324 2446 simi
351 2379 392 2446 de
419 2380 631 2462 poenitentia²
660 2380 766 2456 scribi,
794 2381 946 2463 ipsosque
973 2380 1202 2462 quaterniones
1231 2381 1338 2446 iacens
1366 2381 1401 2446 in

251 2482 334 2548 lecto
351 2493 466 2548 contra
485 2482 643 2564 parietem
661 2481 785 2564 positos
805 2480 918 2546 diebus
939 2500 1017 2547 suae
1037 2479 1235 2548 infirmitatis
1256 2481 1401 2546 intueba-

251 2581 306 2648 'tur
324 2593 357 2648 et
375 2583 510 2664 legebat,
529 2594 561 2648 et
579 2583 720 2647 ubertim
737 2602 776 2646 ac
795 2581 913 2664 iugiter
931 2580 1045 2647 flebat:
1064 2592 1098 2647 et
1116 2602 1156 2648 ne
1175 2580 1312 2647 intentio
1330 2581 1402 2647 eius

189 2694 231 2743 2ο
252 2704 272 2748 a
293 2703 458 2766 quoquam
479 2682 700 2764 impediretur,
722 2693 797 2750 ante
820 2684 890 2748 dies
914 2682 1019 2748 fenne
1041 2681 1155 2748 decem
1176 2701 1275 2763 quam
1297 2681 1402 2747 exiret

253 2784 294 2851 de
315 2805 462 2866 corpore,
486 2805 507 2848 a
529 2784 621 2850 nobis
644 2783 821 2867 postulavit
843 2782 1077 2866 praesentibus,
1100 2802 1142 2850 ne
1165 2782 1338 2864 quisquam
1358 2780 1404 2850 ad

253 2905 328 2952 eum
348 2886 581 2967 ingrederetur,
601 2884 664 2949 nisi
683 2884 734 2950 his
752 2894 882 2950 tanturn
899 2884 1000 2961 horis,
1020 2884 1136 2965 quibus
1154 2883 1272 2950 medici
1292 2882 1335 2948 ad
1354 2884 1403 2948 in·

254 2987 458 3069 spiciendum
479 2987 652 3065 intrabant,
674 2986 726 3052 vel
748 3005 824 3052 cnm
844 2984 875 3050 ei
898 2984 1036 3050 reiectio
1058 2983 1247 3050 inferretur.
1291 2983 1336 3047 Et
1357 2983 1404 3050 ita

253 3089 462 3154 observatum
479 3100 512 3154 et
530 3087 733 3164 factumest,
752 3096 785 3152 et
803 3087 893 3150 omni
912 3084 967 3154 illo
985 3096 1131 3166 ternpore
1149 3084 1291 3149 oratIoni
1309 3097 1404 3150 vaca·

188 3190 228 3259 ²5
254 3190 318 3254 bat.
361 3189 507 3254 Verbum
527 3188 590 3254 Dei
611 3208 714 3270 usque
734 3188 777 3252 ad
798 3187 904 3270 ipsam
924 3206 1018 3254 suam
1038 3196 1219 3252 extremam
1240 3182 1404 3268 aegritud-

254 3291 342 3356 inem
357 3289 653 3372 impraeterrnisse,⁸
669 3287 820 3356 alacriter
835 3299 867 3354 et
885 3287 1026 3364 fortiter,
1041 3307 1122 3352 sana
1136 3296 1244 3352 mente
1262 3303 1406 3366 sanoque

250 3390 390 3457 consilio
405 3393 439 3456 in
454 3390 591 3456 ecclesia
605 3389 813 3473 praedicavit
852 3387 1010 3454 Membris
1026 3386 1176 3454 omnibus
1192 3386 1243 3452 sui
1258 3385 1405 3468 corporis

291 3577 303 3615 1
317 3559 468 3628 perscripsi
480 3560 534 3615 DF
596 3556 828 3626 uscilicetl'el-dei
842 3556 896 3614 edd
961 3558 1022 3622 118,
1037 3572 1070 3611 10
1082 3555 1206 3611 Interea.
1217 3594 1223 3607 .
1234 3596 1240 3609 .
1250 3553 1280 3610 .6
1292 3552 1405 3609 deiece-

257 3640 323 3688 runt
340 3650 395 3688 om.
412 3633 430 3688 J
499 3645 531 3686 ro
547 3626 887 3696 ecclesiael-l-catholicae
903 3627 932 3682 D
951 3624 1171 3707 edd.,·oatholici
1188 3625 1221 3690 F,
1241 3631 1356 3679 sanctae
1372 3637 1405 3676 ac

254 3702 408 3758 catholicae
426 3701 561 3757 eeclesiae
578 3701 610 3757 C.
645 3701 744 3768 Qum.
763 3697 918 3767 catholicae
984 3713 1051 3752 nam
1069 3691 1155 3758 vixit]
1176 3690 1406 3760 ABCDEFGJQ

255 3775 486 3841 bceohjklnopor,
502 3791 568 3829 narn
585 3790 640 3829 om.
657 3773 712 3829 edd
780 3770 957 3838 septuaginta
975 3769 1038 3835 sex]
1059 3765 1407 3832 ABCDFJbeolclmnopo,

258 3866 310 3904 sex
327 3866 382 3904 om.
398 3867 423 3912 ,1,
440 3845 566 3902 LXXVI
583 3844 692 3911 EGhjr,
711 3842 889 3910 septuaginta
907 3850 936 3898 et
952 3857 1005 3898 sex
1022 3839 1078 3897 edd
1164 3841 1223 3904 118,
1244 3854 1276 3894 ιο
1293 3838 1407 3920 Interea

262 3933 355 3974 ....11
376 3915 563 3984 quadraginta
583 3933 638 3972 om.
656 3915 689 3970 Η
760 3930 793 3970 12
811 3912 1051 3980 dicerel-l-autem
1071 3910 1126 3967 edd
1198 3924 1230 3976 19
1250 3908 1352 3990 Iugrter
1373 3923 1407 3961 ac

257 3988 379 4044 ubertim
397 3987 452 4045 edd
517 4001 548 4042 21
566 3985 630 4053 quis
647 3983 852 4041 BCDEFGHJ
867 3982 925 4040 edd
991 3994 1026 4035 22
1042 3979 1077 4036 iis
1095 3979 1149 4036 edd
1216 3983 1408 4046 231ntrarent

258 4059 282 4116 C
306 4058 368 4116 edd.
403 4059 429 4126 Q
454 4057 568 4114 exhibet
592 4057 733 4112 intrabant
800 4068 834 4120 24
857 4070 889 4108 ac
915 4053 1023 4108 iactum
1049 4048 1104 4105 edd
