3268 4668
241 375 277 443 64
565 375 694 434 SANCT
696 376 710 432 1
730 375 953 433 AUGUSTINI
972 376 1083 434 VITA'

244 544 361 600 cuncta
383 534 584 600 innotescere
605 544 805 599 meruerunt.
849 534 961 616 Atque
982 533 1067 610 hinc,
1092 544 1128 599 ut
1151 533 1310 616 scriptum
1333 543 1391 610 est,

243 645 393 718 peccator
408 635 521 701 videns
538 635 746 713 irascebatur,
763 633 912 700 dentibus
930 633 997 701 suis
1014 634 1184 711 fremebat,
1201 645 1233 699 et
1248 633 1392 699 tabesce-

242 736 297 800 bat
307 737 329 800 τ’
344 737 429 800 servi
443 746 552 800 autem
563 737 623 812 tui,
637 746 673 800 ut
688 736 882 812 dictumest,
896 736 1034 800 cumbis
1048 736 1104 816 qui
1117 733 1255 801 oderant
1268 754 1391 818 pacem,

243 847 336 902 erant
353 835 488 920 pacifici,
506 848 538 902 et
555 856 630 901 cum
647 836 865 918 loquerentur,
884 835 1126 902 debellabantur
1142 835 1245 918 gratis
1262 836 1303 901 ab
1320 837 1392 903 eis.⁴

201 1053 217 1122 ς
695 1037 936 1104 capurxrr

279 1187 485 1270 Augustinus
501 1199 632 1270 paratas
649 1188 709 1253 sibi
726 1186 860 1252 insidias
877 1207 988 1252 errore
1006 1186 1212 1270 duc[a]toris
1230 1184 1353 1252 devitat

284 1321 490 1404 Aliquotiens
516 1341 596 1387 vero
619 1322 720 1386 etiam
743 1321 813 1385 vias
840 1321 957 1384 armati
984 1319 1083 1385 iidem
1109 1318 1391 1386 Circumcelliones

245 1422 371 1488 famulo
390 1421 453 1487 Dei
473 1421 659 1504 Augustino
679 1420 884 1498 obsederunt,
906 1421 984 1484 dum
1004 1420 1093 1486 forte
1113 1421 1174 1486 iret
1196 1430 1328 1503 rogatus
1349 1421 1392 1488 ad

242 1523 432 1600 visitandas,
450 1523 656 1587 instruendas
675 1533 707 1599 et
726 1521 945 1588 exhortandas
965 1521 1150 1587 Catholicas
1168 1521 1286 1603 plebes,
1305 1520 1392 1604 quod

180 1646 220 1696 10
243 1624 351 1706 ipsum
375 1621 638 1705 frequentissime
664 1621 813 1687 iaciebat.
858 1623 902 1686 Et
926 1621 1100 1704 aliquando
1125 1622 1260 1704 contigit
1285 1633 1321 1686 ut
1345 1622 1392 1687 illi

242 1724 487 1791 succenturiati1
507 1724 664 1789 hactenus
683 1724 856 1805 perderent
876 1723 1075 1805 captionem:
1096 1723 1203 1789 evenit
1223 1723 1309 1788 enirn
1329 1723 1392 1788 Dei

242 1824 374 1907 quidem
387 1822 601 1906 providentia,
617 1825 674 1890 sed
687 1823 866 1889 ducatoris²
881 1824 1021 1888 hominis
1035 1842 1156 1902 errore,
1171 1835 1207 1889 ut
1221 1844 1279 1906 per
1294 1823 1393 1890 aliam

242 1925 332 1990 viam
346 1946 421 1990 cum
437 1925 504 1990 suis
521 1923 691 1990 comitibus
708 1923 859 1990 sacerdos
875 1944 942 2005 quo
958 1923 1109 1989 tendebat
1125 1923 1276 2001 venisset,
1295 1934 1392 2005 atque

242 2047 301 2107 per
326 2026 413 2091 hunc
436 2037 551 2107 postea
575 2024 726 2108 cognovit
751 2044 897 2089 errorem
920 2045 1036 2089 manus
1063 2024 1178 2107 impias
1204 2023 1333 2102 abisse,8
1359 2035 1392 2090 et

181 2142 217 2210 ις
243 2146 317 2191 curn
332 2126 481 2192 omnibus
497 2125 661 2191 liberatori
676 2127 748 2190 Deo
763 2126 886 2208 gratias
902 2125 977 2208 egit
1015 2125 1059 2189 Et
1075 2125 1207 2191 omnino
1225 2145 1284 2191 suo
1299 2146 1392 2200 more

243 2226 289 2291 illi
302 2247 362 2291 nec
375 2227 464 2292 laicis
477 2246 537 2292 nec
551 2225 675 2292 clericis
689 2235 912 2309 pepercerunt,
928 2225 1011 2291 sicut
1025 2225 1153 2308 publica
1169 2235 1392 2292 contestantur

241 2314 342 2410 gesta.

285 2428 375 2493 Inter
390 2448 428 2494 ea
443 2426 604 2492 silendum
618 2448 684 2492 non
699 2438 748 2493 est
764 2425 852 2509 quod
868 2427 910 2492 ad
925 2425 1055 2492 laudem
1071 2426 1132 2492 Dei
1149 2447 1207 2509 per
1223 2427 1308 2494 illius
1323 2437 1392 2492 tarn

242 2529 364 2611 egregii
380 2529 413 2593 in
428 2528 575 2593 Ecclesia
588 2528 650 2593 viri
666 2527 812 2593 studium
827 2529 1007 2609 domusque
1022 2527 1084 2602 Dei
1100 2527 1220 2592 zelum*
1234 2524 1390 2594 adversus

177 2645 219 2694 20
242 2627 426 2712 praedictos
445 2628 696 2711 rebaptizatores
717 2629 907 2693 Donatistas
927 2638 1057 2710 gestum
1076 2640 1108 2694 et
1129 2628 1313 2710 perfectum
1332 2638 1391 2692 est.

243 2729 328 2795 Cum
346 2729 433 2795 forte
448 2748 533 2794 unus
548 2750 591 2793 ex
607 2729 682 2806 his,⁶
698 2749 780 2809 quos
796 2726 837 2793 de
853 2749 915 2794 suo
929 2727 1127 2820 monasterio
1143 2739 1176 2793 et
1192 2728 1292 2794 cleroe
1309 2728 1392 2810 epis·

243 2851 341 2912 copos
371 2830 537 2895 Ecclesiae
565 2840 812 2912 propagaverat,
841 2829 884 2893 ad
913 2849 1007 2893 suam
1035 2849 1148 2893 curam
1177 2828 1392 2911 pertinentem

244 2930 445 2996 Calamensis
477 2929 630 2995 ecclesiae
663 2929 837 2994 dioecesim
866 2927 1022 3006 visitaret,
1055 2939 1088 2996 et
1119 2948 1203 3009 quae
1233 2928 1393 2996 didicerat

242 3053 303 3113 pro
322 3052 403 3114 pace
423 3032 587 3097 Ecclesiae
607 3042 720 3097 contra
740 3031 830 3096 illam
849 3030 1011 3096 haeresim
1031 3028 1242 3113 praedicaret,
1266 3028 1393 3094 iactum

176 3140 217 3210 23
244 3142 303 3210 est,
325 3144 362 3198 ut
382 3131 491 3199 medio
513 3131 627 3198 itinere
649 3152 764 3198 eorum
785 3131 920 3196 insidias
942 3130 1141 3209 incurrisset,
1164 3141 1196 3196 et
1218 3149 1394 3212 pervasum

276 3346 293 3385 2
308 3331 397 3387 multa
411 3330 525 3386 CDHK
540 3330 611 3395 edu,
626 3330 743 3386 multam
758 3330 792 3394 F,
806 3339 922 3386 cunctos
938 3329 962 3383 B
1030 3343 1048 3384 2
1063 3328 1213 3386 frendebat
1228 3330 1315 3392 GHK
1331 3327 1393 3387 edd.

245 3403 404 3471 Qexhibei
422 3400 563 3459 sternebat
629 3401 718 3468 3tui]
740 3399 786 3456 dei
804 3401 879 3458 CEF
896 3400 959 3458 edd.
996 3399 1155 3471 Qexhtber
1172 3400 1215 3457 tui
1283 3398 1318 3456 iis
1337 3400 1392 3457 edd

243 3476 259 3531 8
278 3485 377 3529 contra
398 3473 537 3528 famulum
557 3472 602 3526 dei
621 3471 801 3538 augustinum
822 3469 918 3526 CDEJ
938 3470 1000 3526 edd.
1024 3471 1191 3538 (augustino
1209 3470 1262 3538 F).
1297 3471 1323 3538 Q
1344 3489 1393 3527 ex-

243 3546 320 3602 hibet
338 3545 448 3601 famulo
467 3543 512 3601 dei
530 3545 680 3611 augustino
747 3541 811 3609 oid
829 3542 921 3608 ipsum
938 3544 979 3607 H,
998 3542 1081 3610 ipsud
1097 3543 1135 3609 K,
1154 3543 1238 3600 etiam
1257 3542 1316 3608 BG,
1333 3541 1394 3608 ipse

244 3616 364 3676 CDEFJ
383 3616 438 3672 edd
507 3631 538 3671 12
556 3615 711 3673 seductoris
729 3613 871 3680 BCDFK,
889 3615 939 3670 sed
958 3615 1083 3671 ductoris
1100 3612 1153 3670 Sol
1221 3630 1253 3681 14
1269 3611 1395 3682 huncl-l-

244 3707 328 3758 quem
353 3687 539 3746 DEFGHJK
566 3686 620 3744 edd
696 3685 801 3753 abisse]
833 3685 961 3742 evenisse
985 3685 1020 3752 B,
1046 3685 1173 3748 evasisse
1198 3684 1230 3752 C,
1256 3685 1394 3743 evasisset

243 3758 430 3818 DEFGHJK
450 3756 505 3814 edd
577 3769 607 3822 15
628 3754 773 3824 euml-l-in
792 3756 817 3811 B
839 3755 895 3813 edd
965 3755 1070 3822 egisset
1090 3756 1300 3813 BDEFGHJK
1321 3755 1393 3820 edd„

244 3832 335 3898 egisse
356 3829 382 3884 C
447 3835 477 3885 et
500 3826 628 3892 omnino]
655 3827 705 3882 sed
727 3825 759 3891 C,
781 3834 809 3882 et
832 3842 886 3881 om.
908 3825 928 3882 J
950 3825 1004 3880 edd
1074 3827 1105 3884 16
1125 3825 1346 3893 i11i14furentes
1371 3828 1395 3883 C

243 3903 295 3962 Sol
363 3901 394 3957 18
415 3900 492 3956 Inter
512 3911 655 3963 ea....7a,
678 3913 710 3954 ro
729 3914 931 3964 proposueram
952 3913 1007 3954 om.
1025 3896 1096 3964 HK,
1117 3898 1195 3953 lnter
1214 3899 1357 3966 ea....84,
1377 3913 1395 3952 2

243 3976 363 4033 veritate
382 3972 473 4029 ona!
539 3986 570 4026 21
590 3969 626 4028 iis
645 3970 699 4026 edd
