3264 4658
234 455 283 507 132
554 441 699 500 SANCTI
719 443 943 501 AUGUSTINI
962 445 1062 501 VITA

232 581 305 648 aliis
323 583 439 664 quibus
458 583 660 648 necessarius
678 595 759 662 erat,
779 603 909 651 servare
928 586 1093 652 voluisset.
1136 587 1274 670 Propter
1294 589 1381 672 quod

232 684 295 749 ait:
323 683 509 765 compellor
523 695 635 750 ornem
650 705 693 748 ex
709 685 838 752 duobus
854 687 1147 768 concupiscentiam
1165 688 1296 769 habens,
1316 691 1381 756 dis-

231 783 316 850 solvi
330 793 363 850 et
379 805 449 849 esse
466 805 541 850 oum
556 785 696 864 Christo,
711 785 815 852 neutro
832 787 936 870 mopis
951 788 1039 853 omn
1057 788 1233 870 optimam
1249 810 1381 856 vennere

231 887 268 951 in
283 905 382 950 corne
400 886 622 951 necessarimm
639 896 773 970 propter
791 890 889 952 vos.²⁶

188 1007 204 1076 ς
276 1003 324 1052 10.
346 987 414 1051 Hic
429 987 570 1054 fortasse
584 987 768 1070 quisdicat,
783 987 859 1056 ideo
872 989 989 1056 debere
1005 989 1121 1071 lugere
1136 990 1199 1055 Dei
1213 989 1381 1057 ministros

230 1085 349 1154 talibus
366 1088 608 1154 imminentibus
624 1088 729 1166 malis,
749 1099 784 1155 ut
804 1112 839 1156 se
855 1110 917 1171 pro
935 1090 1073 1155 utilitate
1092 1091 1258 1158 Ecclesiae
1277 1102 1381 1174 temp·

231 1190 341 1255 oribus
366 1189 643 1270 tranquillioribus
669 1201 808 1255 servent.
855 1191 955 1256 Recte
981 1191 1043 1257 hoc
1068 1191 1106 1256 fit
1131 1211 1152 1256 a
1176 1192 1379 1274 quibusdam,

231 1289 363 1372 quando
387 1311 454 1354 non
481 1290 599 1356 desunt
625 1291 690 1367 alii,
717 1311 777 1372 per
803 1311 884 1373 quos
912 1291 1100 1373 suppleatur
1128 1293 1381 1358 ecclesiasticum

230 1390 456 1468 ministerium,
475 1412 516 1456 ne
535 1392 575 1455 ab
594 1392 744 1457 omnibus
763 1391 949 1470 deseratur;
968 1393 1056 1474 quod
1078 1393 1196 1459 fecisse
1216 1393 1379 1458 Athanas-

167 1504 206 1552 ιο
231 1493 299 1557 ium
319 1512 419 1573 supra
440 1491 620 1557 diximus.²⁷
665 1493 753 1558 Nam
773 1504 931 1575 quantum
951 1493 1172 1558 necessarium
1194 1493 1295 1560 fuerit
1317 1495 1380 1560 Ec,-

230 1592 356 1670 clesiae,
379 1603 599 1675 quantumque
620 1593 794 1675 profuerit,
816 1592 905 1675 quod
925 1595 978 1658 vir
999 1595 1053 1660 ille
1073 1594 1194 1661 mansit
1215 1595 1250 1658 in
1271 1613 1379 1672 carue,

230 1693 399 1760 Catholica
423 1693 504 1760 fides
530 1694 631 1772 novit,
657 1714 739 1776 quae
765 1694 920 1760 adversus
947 1694 1089 1760 Arianos
1114 1695 1295 1760 haereticos
1323 1715 1379 1761 ore

230 1794 317 1861 illius
335 1806 367 1860 et
384 1815 495 1862 amore
512 1795 650 1862 defensa
667 1805 725 1862 est.
766 1794 833 1861 Sed
849 1796 980 1878 quando
998 1807 1048 1862 est
1064 1815 1235 1862 commune
1253 1794 1379 1879 pericu·

230 1896 307 1974 lum,
325 1895 493 1978 magisque
509 1897 691 1960 timendum
708 1901 767 1973 est,
786 1917 826 1962 ne
845 1897 1017 1977 quisquam
1034 1895 1069 1962 id
1088 1896 1198 1962 facere
1217 1895 1378 1975 credatur,

166 2000 202 2068 15
229 2018 296 2062 non
311 1997 500 2063 consulendi
517 1997 692 2073 voluntate,
710 1996 769 2062 sed
785 1998 901 2062 timore
917 1997 1088 2075 moriendi,
1105 1997 1273 2079 magisque
1292 1996 1379 2078 fugi·

230 2097 305 2163 endi
325 2098 410 2164 obsit
430 2097 588 2180 exemplo,
608 2118 708 2179 quam
727 2096 859 2162 vivendi
879 2097 983 2179 prosit
1004 2097 1121 2175 officio,
1142 2099 1232 2163 nulla
1253 2099 1378 2164 ratione

232 2197 421 2263 faciendum
447 2191 528 2263 ests
554 2199 702 2280 Denique
729 2209 860 2264 sanctus
887 2198 1005 2276 David,
1033 2220 1075 2264 ne
1101 2221 1136 2264 se
1163 2197 1378 2264 committeret

229 2298 382 2382 periculis
403 2300 610 2381 praeliorum,
633 2312 665 2366 et
688 2299 838 2364 fortassis
862 2299 1116 2380 extirrpueretur,
1139 2299 1223 2366 sicut
1245 2299 1288 2364 ibi
1312 2296 1378 2366 dic-

229 2411 301 2466 tum
322 2411 381 2476 est,
404 2401 538 2466 lucerna
557 2401 699 2477 Isroe,²⁸
722 2423 741 2466 a
764 2401 831 2465 suis
853 2401 915 2466 hoc
936 2387 1118 2482 petentibus
1141 2399 1289 2482 sumpsit,
1311 2419 1378 2465 non

162 2510 204 2560 20
229 2502 299 2583 ipse
316 2502 550 2584 praesumpsit;
569 2501 712 2583 alioquin
730 2501 850 2567 multos
869 2501 1048 2567 imitatores
1068 2500 1199 2566 fecisset
1219 2499 1377 2584 ignaviae,

228 2603 284 2684 qui
312 2622 389 2667 eum
414 2603 583 2668 crederent
609 2603 672 2667 hoc
701 2603 819 2668 iecisse
847 2623 913 2666 non
941 2600 1199 2668 consideratione
1228 2600 1377 2666 utilitatis

228 2703 377 2780 aliorum,
400 2707 457 2770 sed
480 2724 557 2768 suae
578 2704 820 2785 perturbatione
843 2700 1039 2768 formidinis.

273 2823 320 2869 11.
344 2805 497 2870 Occurrit
527 2814 636 2869 autem
666 2804 730 2868 alia
759 2803 915 2884 quaestio,
946 2822 1045 2885 quam
1074 2813 1280 2869 contemnere
1310 2822 1377 2867 non

227 2905 391 2971 debemus.
435 2905 471 2971 Si
491 2905 578 2970 enim
596 2907 676 2970 haec
696 2904 819 2969 utilitas
839 2903 1032 2986 negligenda
1051 2924 1118 2968 non
1139 2913 1197 2979 est,
1219 2914 1255 2968 ut
1276 2901 1376 2985 aliqui

161 3005 201 3073 25
226 3006 367 3071 ministri
388 3017 558 3089 propterea
580 3006 711 3089 fugiant
731 3005 919 3070 imminente
940 3004 1048 3084 aliqua
1068 3003 1229 3080 vastitate,
1251 3014 1287 3068 ut
1308 3022 1376 3068 ser·

227 3117 345 3172 ventur
370 3109 425 3189 qui
449 3108 654 3172 ministerent
677 3107 733 3184 eis,
759 3126 839 3187 quos
864 3117 939 3188 post
963 3105 1053 3170 illam
1077 3104 1202 3170 cladem
1227 3102 1375 3169 residuos

227 3208 392 3290 potuerint
409 3208 564 3284 invenire,
581 3206 660 3289 quid
676 3207 733 3272 fiet
750 3207 804 3272 ubi
820 3226 934 3272 omnes
951 3205 1105 3270 videntur
1121 3203 1294 3282 interituri,
1311 3205 1375 3269 nisi

227 3307 326 3390 aliqui
343 3309 494 3391 fugiant?
532 3307 622 3391 Quid
636 3309 664 3374 si
680 3308 767 3374 enim
782 3309 946 3385 hactenus
956 3306 998 3372 sit
1013 3306 1117 3372 evicta
1134 3304 1190 3370 illa
1206 3304 1374 3389 pernicies,

259 3459 366 3526 sertim
382 3459 472 3527 magis
489 3453 627 3524 BCDFG,
643 3458 718 3514 enim
735 3475 789 3514 om.
806 3458 832 3512 E
850 3453 903 3513 edd
971 3455 1230 3524 manere]†autem
1247 3453 1376 3512 BCDEF

226 3532 281 3588 edd
349 3547 364 3599 5
391 3534 466 3588 forte
492 3533 546 3588 edd
615 3532 717 3598 fugere
741 3531 844 3587 debere
870 3527 926 3595 CF,
952 3529 997 3584 dei
1023 3529 1168 3586 ministros
1195 3529 1295 3595 fugere
1321 3527 1376 3583 edd

225 3617 243 3672 9
260 3604 297 3661 ab
315 3604 476 3660 horninibus
494 3605 521 3659 Α
592 3619 624 3659 ιο
643 3601 986 3670 supra....necessarium
1006 3620 1060 3658 om.
1080 3602 1107 3655 E
1173 3600 1369 3656 ecclesiae...

225 3674 370 3743 profuerit
384 3675 479 3731 mli
546 3690 574 3730 11
592 3673 720 3730 fueritA
789 3673 821 3729 16
833 3671 947 3730 absitA
1017 3683 1049 3738 17
1065 3667 1231 3736 fugiendum
1246 3671 1273 3726 A
1343 3667 1375 3726 18

227 3741 362 3812 scripturn
376 3741 453 3801 CDF
516 3759 551 3812 24
563 3743 639 3800 enim
654 3743 677 3799 si
691 3743 743 3801 Sol
805 3743 840 3799 28
853 3742 891 3798 sit
904 3739 1008 3810 evicta]
1028 3738 1135 3798 saeviat
1148 3737 1303 3799 BCDEFG
1319 3739 1374 3797 edd
