3264 4658
255 404 304 456 144
575 391 721 450 SANCTI
740 393 964 451 AUGUSTINI
983 396 1082 452 VITA

253 561 351 631 atque
368 569 444 614 eum
462 551 502 616 de
521 550 638 616 divinis
658 552 851 618 scribentem
869 553 1012 636 legentes
1031 555 1214 637 proliciunt.
1257 556 1324 624 Sed
1343 579 1403 640 ego

253 651 393 717 arbitror
414 651 487 733 plus
509 673 551 716 ex
572 673 612 717 eo
633 653 791 734 proficere
812 655 967 735 potuisse,
988 656 1045 737 qui
1067 677 1144 722 eum
1164 668 1196 724 et
1218 657 1404 740 loquentem

252 751 285 816 in
302 751 437 817 ecclesia
451 762 655 835 praesentem
668 753 785 819 audire
797 765 830 819 et
846 753 958 820 videre
971 765 1158 838 potuerunt,
1174 757 1292 824 eteius
1308 779 1401 842 prae·

251 853 364 918 sertim
383 856 467 920 inter
485 855 632 920 homines
652 856 930 922 conversationem
949 877 1016 922 non
1035 858 1276 940 ignoraverunt.
1319 855 1404 928 Erat

208 965 224 1033 5
251 957 340 1022 enim
351 978 418 1022 non
433 958 540 1023 solum
553 957 700 1024 eruditus
716 960 821 1026 scriba
835 959 869 1024 in
884 981 985 1042 regno
1000 961 1174 1040 coelorum,
1191 962 1231 1028 de
1247 963 1401 1030 thesauro

251 1078 312 1124 suo
333 1058 506 1140 proferens
527 1080 613 1125 nova
634 1072 667 1126 et
687 1063 821 1137 vetera,⁶
843 1072 876 1126 et
897 1081 981 1126 unus
1002 1063 1252 1144 negotiatorum,
1274 1067 1330 1145 qui
1352 1065 1401 1128 in-

250 1171 349 1224 venta
368 1161 510 1241 pretiosa
532 1161 718 1243 margarita,
741 1181 824 1243 quae
845 1162 982 1227 habebat
1003 1163 1153 1241 venditis,
1176 1167 1399 1247 comparavit,'

250 1279 366 1326 verum
381 1263 479 1327 etiam
494 1283 536 1326 ex
550 1262 602 1326 his
618 1263 661 1326 ad
675 1281 757 1343 quos
773 1263 930 1343 scriptum
947 1273 1012 1328 est:
1038 1265 1096 1330 Sic
1109 1264 1288 1346 loquimini,
1306 1273 1339 1330 et
1353 1267 1400 1330 sic

249 1361 379 1442 facire*
395 1372 427 1426 et
442 1360 484 1426 de
499 1363 615 1442 quibus
633 1362 783 1428 Salvator
800 1362 895 1428 dicit:
924 1364 992 1442 Qut
1006 1365 1126 1446 fecerit
1141 1374 1174 1430 et
1189 1365 1336 1431 docuerit
1352 1367 1398 1432 sic

187 1474 226 1525 ιο
250 1463 407 1538 homines,
430 1462 483 1526 bic
506 1482 644 1546 ntoynus
666 1463 835 1529 vocabitur
857 1465 1015 1548 iureque
1037 1466 1228 1532 coetorum?

293 1565 374 1630 Peto
398 1577 509 1629 autem
532 1565 696 1647 impendio
722 1577 865 1631 vestram
891 1566 1067 1644 caritatem,
1093 1569 1149 1649 qui
1175 1568 1254 1633 haec
1279 1569 1399 1651 scripta

248 1665 364 1747 legitis,
390 1677 427 1731 ut
450 1685 578 1732 mecum
601 1667 815 1748 omnipotenti
839 1667 911 1733 Deo
933 1667 1056 1748 gratias
1081 1669 1195 1750 agatis,
1220 1669 1399 1734 Dominum

249 1769 305 1849 qui
319 1768 525 1846 benedicatis,
541 1769 596 1850 qui
610 1770 690 1835 mihi
704 1769 818 1834 tribuit
832 1770 1039 1847 intellectum,
1055 1782 1092 1836 ut
1106 1771 1185 1835 haec
1200 1774 1234 1835 in
1250 1771 1399 1836 notitiam

248 1879 281 1935 et
310 1869 531 1951 praesentium
559 1880 592 1935 et
622 1871 804 1936 absentium
834 1871 1013 1952 praesentis
1043 1872 1198 1953 temporis
1227 1882 1259 1937 et
1293 1873 1398 1938 futuri

185 1977 222 2046 15
249 1971 426 2048 hominum,
442 1982 475 2036 et
490 1971 607 2036 vellem
621 1970 752 2038 deferre
768 1982 801 2036 et
816 1971 1007 2037 valuissem:
1025 1984 1057 2037 et
1074 1992 1202 2037 mecum
1216 1994 1254 2039 ac
1269 1993 1397 2054 prome

247 2073 358 2150 oretis,
381 2084 417 2138 ut
439 2073 524 2138 illius
546 2073 713 2154 quondam
733 2075 806 2151 viri,
829 2092 903 2138 cum
925 2093 990 2155 quo
1014 2073 1119 2138 ferme
1141 2073 1235 2138 annis
1258 2074 1397 2154 quadra-

150 2235 153 2242 .
247 2173 338 2256 ginta
359 2174 420 2238 Dei
441 2175 529 2240 dono
548 2173 669 2255 absque
689 2195 801 2239 amara
821 2174 887 2239 nlla
906 2175 1108 2240 dissensione
1130 2174 1337 2239 familiariter
1358 2195 1397 2239 ac

246 2274 384 2340 dulciter
403 2275 482 2352 vixi,
502 2286 535 2340 et
553 2275 587 2338 in
605 2277 667 2339 hoc
688 2275 795 2341 seculo
814 2275 994 2340 aemulator
1015 2285 1047 2339 et
1066 2275 1211 2340 imitator
1230 2274 1395 2352 exsistam,

130 2397 132 2408 “
246 2387 280 2442 et
298 2377 332 2440 in
352 2377 466 2442 futuro
484 2376 715 2458 omnipotentis
734 2377 796 2442 Dei
815 2376 984 2458 promissis
1003 2397 1078 2441 cum
1097 2376 1212 2442 eodem
1231 2375 1395 2458 perfruar.

181 2483 224 2532 20
246 2479 363 2543 Amen.
967 2507 970 2512 ²

281 2693 293 2731 1
309 2677 405 2743 atque]
423 2675 509 2733 ΑΒΗ
511 2674 546 2742 Q,
560 2674 681 2740 quaec,
697 2674 773 2740 quod
787 2683 945 2741 agnoscunt
960 2675 1008 2739 qui
1023 2672 1099 2729 CDF
1116 2671 1187 2737 edel,
1201 2671 1278 2737 quod
1292 2685 1397 2735 agnos·

248 2759 314 2806 cunt
331 2749 488 2815 quicunque
503 2748 580 2811 defi
660 2762 730 2802 aex
745 2744 911 2813 eo]-{-illum
926 2745 960 2801 E.
994 2746 1039 2799 hic
1055 2744 1158 2800 desinit
1173 2744 1200 2798 Ε
1212 2810 1218 2822 Ι
1281 2755 1395 2807 sprae-

246 2829 352 2876 sentem
372 2819 482 2884 audire]
506 2819 603 2874 audire
622 2816 836 2882 praesentaliter
853 2814 885 2869 N
951 2827 968 2880 7
988 2815 1129 2895 inventam
1149 2821 1301 2879 pretiosam
1320 2826 1395 2864 mar-

245 2893 368 2959 garitam
386 2891 409 2948 C
426 2892 480 2948 edd
548 2889 603 2946 illis
622 2889 699 2955 CD-*,
715 2889 753 2944 iis
770 2887 825 2944 edd
891 2886 930 2942 ad
946 2886 1030 2952 quos]
1050 2886 1161 2950 alinuos
1177 2884 1215 2949 A,
1232 2899 1304 2948 quos
1321 2898 1392 2938 eros.

244 2965 279 3028 B,
293 2964 329 3019 ad
344 2980 426 3029 quem
440 2963 477 3028 D,
490 2979 507 3016 a
522 2979 578 3028 quo
591 2961 656 3026 ΡΗ,
671 2959 705 3015 de
720 2958 859 3025 quibusC
929 2971 957 3011 11
975 2958 1004 3012 in
1019 2955 1185 3020 compendio
1199 2953 1225 3007 Α
1297 2968 1332 3036 12·
1344 2952 1394 3033 do·

244 3036 352 3091 minum
368 3037 415 3101 qui
430 3035 464 3100 F,
480 3034 680 3099 dominumque
696 3028 834 3087 HCDGH
849 3029 904 3084 edd
974 3041 1004 3094 13
1021 3025 1090 3082 mihi
1106 3025 1278 3082 intellectum
1295 3023 1395 3079 tribuit

245 3109 279 3174 G,
292 3109 390 3165 tribuit
403 3107 472 3163 mihi
486 3107 540 3164 edd
610 3106 642 3162 16
653 3121 730 3160 curn.
740 3143 747 3158 .
757 3102 846 3158 ..vixi
860 3119 914 3157 om.
930 3100 954 3157 C
1020 3114 1055 3155 20
1068 3116 1150 3155 amen
1165 3115 1219 3154 om.
1232 3093 1394 3153 BDEFGH
