3268 4668
238 437 273 488 42
560 421 705 479 SANCTI
725 421 948 478 AUGUSTINI
968 421 1066 476 VITA

240 579 461 662 episcopatum
485 579 733 644 administrabat
759 579 1001 660 acceptissimus
1028 580 1110 656 Deo,
1137 590 1170 644 et
1196 579 1229 642 in
1256 579 1386 659 optimis

239 682 318 745 viris
331 679 607 762 praeclarissimus
621 678 771 745 sacerdos
784 679 1002 744 Ambrosius.⁸
1037 679 1147 743 Huius
1161 679 1284 747 interea
1297 679 1387 744 verbi

239 781 301 845 Dei
328 781 561 863 praedicatoris
590 780 863 862 frequentissimis
891 781 924 844 in
953 779 1087 844 ecclesia
1115 778 1386 860 disputationibus

239 882 392 948 assistens
413 883 446 945 in
467 881 596 964 populo,
617 881 803 946 intendebat
823 883 1013 962 suspensus*
1032 892 1130 961 atque
1151 879 1278 944 affixus.
1321 880 1407 943 Ve-·

198 1003 213 1071 ς
239 1002 314 1047 rum
334 982 510 1063 aliquando
531 981 813 1046 Manichaeorum⁵
836 982 923 1063 apud
947 981 1178 1061 Carthaginem
1199 980 1387 1045 adolescens
1404 983 1409 996 “

241 1084 350 1147 fuerat
374 1103 484 1148 errore
508 1082 669 1159 seductus,
695 1094 727 1158 et
751 1082 823 1147 ideo
847 1082 962 1146 ceteris
987 1081 1174 1164 suspensior
1198 1080 1320 1158 aderat,
1346 1101 1386 1146 ne

238 1183 317 1265 quid
340 1183 393 1248 vel
416 1204 476 1264 pro
501 1184 572 1264 ipsa
595 1183 646 1247 vel
671 1193 785 1248 contra
809 1183 914 1262 ipsam
937 1183 1099 1246 haeresim
1123 1182 1295 1247 diceretur.
1342 1181 1386 1246 Et

238 1286 389 1367 provenit
410 1285 472 1349 Dei
495 1285 676 1350 liberatoris
700 1284 870 1348 clementia
893 1284 942 1348 sui
965 1283 1142 1350 sacerdotis
1164 1304 1221 1348 cor
1243 1287 1400 1364 pertrac-f·

239 1386 347 1463 tantis,
376 1396 413 1450 ut
439 1396 553 1451 contra
578 1385 671 1450 illum
697 1406 842 1458 errorem
869 1384 1047 1449 incidentes
1075 1383 1154 1465 legis
1184 1383 1401 1462 solverentur,

177 1506 216 1553 10
238 1487 453 1568 quaestiones,
473 1497 570 1567 atque
589 1487 635 1553 ita
656 1486 789 1551 edoctus
810 1485 929 1550 sensim
950 1496 1047 1576 atque
1066 1484 1224 1568 paulatim
1244 1481 1399 1548 haeresis‘
1432 1470 1435 1478 ¹

237 1588 292 1653 illa
308 1587 516 1651 miseratione
534 1586 644 1651 divina
660 1587 731 1651 eius
749 1608 790 1651 ex
807 1587 916 1650 animo
931 1584 1071 1665 ,expulsa
1088 1596 1154 1650 est:
1172 1583 1386 1666 protinusque

238 1688 271 1751 in
297 1687 362 1753 fide
389 1688 547 1752 catholica
572 1687 791 1763 confirmatus,
820 1685 1009 1769 proficiendi
1036 1685 1071 1749 in
1098 1686 1252 1767 religione
1280 1683 1385 1748 eidem

236 1789 357 1853 amoris
378 1787 478 1853 ardor
498 1788 628 1852 innatus
650 1799 709 1866 est,
731 1809 796 1869 quo
817 1786 1107 1869 propinquantibus
1130 1785 1243 1850 diebus
1266 1785 1384 1850 sanctis

240 1889 394 1966 Paschae,
426 1889 540 1953 salutis
568 1909 688 1969 aquam
719 1889 908 1970 perciperet.
961 1888 1005 1950 Et
1037 1887 1163 1952 factum
1192 1899 1242 1951 est
1274 1887 1384 1948 divina

177 2001 213 2067 15
236 2000 422 2070 praestante
436 1989 658 2070 opitulatione,
674 1997 709 2052 ut
723 2009 782 2070 per
797 1988 888 2051 illum
902 1999 1030 2052 tantum
1043 2008 1081 2051 ac
1096 1989 1194 2053 talem
1208 1986 1385 2050 antistitem

237 2090 508 2170 Ambrosium,et
535 2090 716 2155 doctrinam
742 2090 918 2154 salutarem
945 2089 1111 2154 Ecclesiae
1138 2087 1325 2153 Catholicae
1353 2096 1385 2151 et

237 2192 348 2258 divina
366 2193 546 2274 perciperet
564 2201 775 2256 sacramenta.

705 2393 859 2459 CAPUT
878 2393 912 2458 ΙΙ

238 2544 371 2610 Relictis
389 2543 537 2609 omnibus
556 2542 690 2625 suscipit
707 2542 910 2625 propositum
928 2543 1090 2608 serviendi
1108 2545 1189 2620 Deo,
1208 2543 1273 2607 iam
1291 2543 1384 2607 annis

173 2667 215 2716 20
680 2645 785 2709 maior
800 2644 936 2726 triginta

239 2810 241 2816 v
280 2777 428 2858 Moxque
441 2797 483 2842 ex
496 2776 618 2841 intimis
633 2777 739 2842 cordis
753 2777 916 2842 medullis1
931 2797 1022 2857 spem
1035 2797 1165 2840 omnem
1178 2796 1276 2858 quam
1290 2776 1385 2840 habe-

237 2877 293 2942 bat
307 2878 341 2941 in
357 2878 466 2943 seculo
481 2877 660 2958 dereliquit,
677 2878 742 2941 iam
757 2899 823 2942 non
840 2897 985 2954 uxorem,
1003 2897 1069 2941 non
1085 2877 1169 2941 filios
1186 2875 1301 2954 carnis,
1319 2896 1385 2940 non

238 2977 377 3054 divitias,
391 2998 457 3043 non
469 2980 609 3044 honores
623 2978 723 3042 seculi
736 2980 925 3058 quaerens²:
940 2978 997 3042 sed
1010 2979 1083 3042 Deo
1095 2998 1168 3041 cum
1182 2976 1249 3040 suis
1263 2977 1385 3042 servire

239 3078 361 3156 statuit,
384 3089 416 3143 et
438 3079 471 3142 in
493 3079 557 3156 illo,
579 3091 610 3144 et
633 3099 675 3143 ex
696 3079 751 3143 illo
772 3078 891 3161 pusillo
911 3097 1009 3160 grege
1030 3099 1101 3142 esse
1123 3076 1266 3154 studens,
1289 3097 1386 3157 quem

171 3179 211 3246 25
238 3179 398 3244 Dominus
416 3179 600 3261 alloquitur,
619 3179 745 3246 dicens:
783 3179 896 3244 Nolite
913 3178 1028 3244 timere
1042 3178 1181 3259 pusillus
1196 3197 1287 3260 prex,
1307 3198 1385 3259 quo-

238 3279 327 3344 niam
353 3280 547 3360 complacuit
571 3281 665 3344 Patri
690 3289 799 3344 vestro
826 3279 906 3344 dore
931 3279 1023 3344 vobis
1048 3299 1193 3365 reputem.
1246 3277 1386 3342 Vendite

238 3400 321 3461 quoe
334 3379 516 3460 possidetis,
532 3390 565 3445 et
578 3381 653 3445 date
668 3382 920 3462 eleemosynam:
933 3379 1035 3462 facite
1051 3379 1145 3444 vobis
1158 3379 1305 3444 sacculos
1320 3401 1384 3443 non

236 3491 483 3557 veterascentes,
505 3480 693 3545 thesaurum
712 3501 778 3546 non
797 3481 1001 3562 deficientem
1018 3480 1054 3544 in
1073 3480 1199 3556 coelis,a
1215 3492 1248 3545 et
1268 3491 1383 3544 cetera.

237 3582 281 3647 Et
303 3581 382 3646 illud
402 3581 490 3662 quod
510 3581 587 3647 dicit
609 3583 726 3648 iterum
747 3582 918 3659 Dominus,
941 3581 1027 3646 idem
1048 3581 1098 3645 vir
1121 3590 1251 3646 sanctus
1276 3580 1385 3644 facere

268 3780 286 3830 4
306 3772 401 3821 astans
423 3763 604 3818 CDEFHJK
625 3764 679 3818 edd
745 3765 764 3819 8
784 3764 929 3830 praevenit
949 3763 1019 3818 BD*
1041 3764 1102 3828 edd,
1139 3763 1165 3830 Q
1187 3761 1301 3818 exhibet
1320 3778 1386 3827 pro-

236 3838 313 3893 venit
383 3853 411 3891 11
432 3837 512 3902 pulsa
533 3846 575 3893 est
596 3836 776 3892 CDEFHJK
797 3835 851 3892 edd
918 3835 1210 3902 protinusque1-l-ipse
1232 3833 1285 3888 edd
1355 3846 1385 3896 13

236 3920 319 3980 natus
344 3908 448 3974 B*CD,
474 3909 590 3964 iniectus
617 3909 642 3974 Q
712 3918 825 3963 sanctae
849 3907 903 3962 ΒΚ
973 3922 1003 3974 15
1028 3906 1112 3962 talem
1139 3925 1172 3960 ac
1194 3915 1305 3961 tantum
1332 3904 1386 3958 edd

239 3997 270 4050 17
285 3983 413 4040 divinum
432 3991 637 4039 sacramentum
654 3982 707 4048 BQ
775 3996 810 4047 24
825 3977 1159 4048 medullis1-l-conversus
1177 3979 1214 4044 K,
1234 3981 1384 4044 †conver·

236 4073 283 4111 sus
303 4055 340 4111 ad
358 4055 450 4110 Deum
469 4053 537 4118 Sat,
556 4070 610 4108 om.
630 4051 947 4119 Qatcdeytjttmnopqr
