3264 4658
256 426 303 481 108
575 425 720 482 SANCTI
739 426 963 484 AUGUSTINI
982 426 1081 484 VITA

253 584 318 648 isse
333 582 577 665 intelligendum
591 604 662 649 esse
678 583 757 649 “nec
772 584 855 648 mori
870 585 980 662 timeo,
996 585 1071 666 quia
1086 585 1209 650 bonum
1223 585 1405 673 Dominum

252 684 438 761 habemus,''
467 703 508 749 ne
535 682 722 750 crederetur
758 682 941 766 praefidens
979 684 1021 750 de
1058 685 1125 750 suis
1163 685 1401 768 purgatissimis

253 785 398 851 moribus
424 786 639 869 praemisisse,
667 787 753 863 “nou
777 787 826 852 sic
851 787 921 853 vixi
946 799 983 852 ut
1007 806 1062 853 me
1086 787 1207 871 pudeat
1233 789 1318 854 inter
1342 808 1402 854 vos

254 886 394 952 vivere.'’
434 887 510 952 Hoc
528 887 616 952 enim
633 888 762 954 dixerat
779 889 821 953 ad
841 887 922 953 illud
939 889 1027 969 quod
1046 888 1193 955 homines
1213 889 1253 954 de
1271 890 1402 954 homine

213 992 229 1060 5
254 1009 351 1053 nosse
367 997 535 1071 poterant;
551 1009 629 1053 nam
645 988 688 1057 ad
704 1009 842 1054 examen
859 990 1031 1071 aequitatis
1049 989 1187 1068 divinae,
1207 991 1247 1055 de
1264 991 1348 1057 bono
1368 1012 1402 1056 se

253 1089 396 1156 Domino
411 1088 514 1171 magis
530 1089 702 1165 confidere,
718 1089 769 1153 cui
785 1089 884 1154 etiam
899 1090 934 1154 in
947 1090 1096 1155 oratione
1110 1091 1300 1171 quotidiana
1315 1090 1402 1157 dice

254 1192 325 1257 bat:
356 1189 493 1256 Drinitte
513 1192 606 1256 nobis
626 1191 734 1256 debito
751 1192 887 1256 nostro.⁸

297 1291 477 1358 Cuiusdam
496 1312 625 1374 quoque
645 1293 826 1375 coepiscopi
845 1303 878 1358 et
899 1291 1146 1359 familiarissimi
1165 1293 1271 1369 amici,
1292 1293 1326 1358 in
1346 1314 1404 1358 ex-

254 1394 367 1459 tremis
394 1393 480 1460 vitae
504 1393 545 1460 de
571 1393 688 1458 talibus
715 1393 978 1476 frequentissime
1005 1393 1169 1459 referebat
1195 1391 1335 1459 dictum:
1360 1393 1403 1459 ad

196 1514 234 1563 10
256 1514 353 1576 quem
376 1514 451 1559 cum
474 1493 672 1559 visitandum
697 1494 763 1558 iam
785 1494 884 1559 morti
908 1494 1181 1577 propinquantem
1204 1495 1403 1571 ventitasset,

255 1606 289 1659 et
308 1595 361 1660 ille
379 1615 479 1659 manu
498 1606 592 1677 gestu
612 1617 646 1660 se
667 1595 706 1680 de
727 1597 834 1660 seculo
854 1596 1021 1660 exiturum
1039 1595 1246 1677 significaret,
1267 1607 1364 1677 atque
1385 1617 1405 1660 a

256 1714 292 1761 se
311 1696 357 1759 illi
378 1708 463 1761 esset
485 1716 685 1777 responsum,
707 1697 813 1762 adhuc
833 1717 908 1761 eum
930 1695 1096 1762 Ecclesiae
1115 1697 1336 1762 necessarium
1356 1696 1404 1761 vi-

256 1818 333 1862 vere
358 1817 463 1879 posse,
489 1797 581 1862 illum
605 1817 646 1861 ne
671 1806 840 1880 putaretur
865 1798 962 1862 huius
988 1798 1075 1862 vitae
1099 1797 1203 1862 teneri
1228 1796 1405 1881 cupiditate

257 1899 479 1980 respondisse:
511 1899 568 1963 ffSi
598 1918 774 1980 nunquam,
804 1899 903 1975 bene;
933 1898 961 1963 si
992 1897 1175 1980 aliquando,
1207 1918 1308 1980 quare
1338 1917 1404 1962 non

195 2009 231 2077 15
256 1999 355 2065 modo
363 1999 397 2062 ?'’
436 1998 481 2062 Et
498 2000 596 2065 talem
614 1999 807 2064 sententiam
822 1999 1003 2065 mirabatur
1020 2011 1054 2066 et
1072 1998 1224 2064 laudabat
1241 1998 1407 2065 hominem

257 2100 440 2182 protulisse,
463 2101 572 2165 Deum
592 2099 724 2181 quidem
745 2100 923 2198 timentem,
945 2110 1170 2165 verumtamen
1192 2101 1226 2164 in
1249 2091 1326 2164 villa
1349 2119 1406 2164 na·

257 2211 329 2266 tum
352 2212 385 2266 et
408 2201 577 2277 nutritum,
602 2202 660 2266 sed
683 2221 750 2266 non
773 2201 876 2266 multa
900 2200 1055 2266 lectionis·
1073 2200 1237 2266 eruditum
1261 2201 1405 2266 scientia.

258 2301 382 2367 Contra
398 2302 488 2366 illum
505 2302 626 2367 scilicet
643 2323 775 2367 sensum
789 2302 987 2384 aegrotantis
1005 2300 1156 2384 episcopi,
1175 2303 1215 2366 de
1232 2321 1296 2383 quo
1315 2320 1406 2366 sanc-

259 2413 312 2468 tus
328 2403 362 2467 in
376 2403 511 2484 epistola
528 2423 596 2479 sua,
612 2420 711 2484 quam
726 2403 766 2467 de
780 2403 979 2469 mortalitate
994 2401 1136 2485 scripsit⁴
1152 2412 1277 2485 martyr
1293 2403 1407 2485 Cypri-

195 2519 238 2568 20
258 2506 364 2580 anus,⁶
380 2505 425 2568 ita
441 2503 559 2580 retulit,
576 2502 703 2569 dicens:
719 2502 824 2568 “Cum
840 2503 974 2586 quidam
989 2503 1028 2568 de
1044 2501 1175 2586 collegis
1191 2514 1222 2569 et
1239 2521 1407 2569 consacer-

260 2605 388 2671 dotibus
402 2604 522 2669 nostris
537 2603 725 2670 infirmitate
740 2604 890 2670 defessus
905 2613 938 2670 et
952 2603 994 2670 de
1008 2603 1287 2687 appropinquante
1302 2613 1407 2669 morte

260 2706 426 2783 sollicitus,
441 2715 659 2772 commeatum
675 2705 736 2771 sibi
752 2714 949 2786 precaretur,
967 2705 1071 2780 astitit
1088 2704 1275 2786 deprecanti
1293 2715 1325 2770 et
1343 2704 1409 2768 iam

260 2827 342 2889 pene
366 2807 516 2872 morienti
542 2806 667 2872 iuvenis
691 2807 815 2871 honore
840 2818 873 2872 et
896 2806 1066 2872 maiestate
1091 2804 1293 2882 venerabilis,
1321 2814 1409 2870 statu

261 2907 366 2972 celsus
389 2919 421 2973 et
442 2908 549 2972 clarus
572 2918 713 2989 aspectu,
736 2917 769 2972 et
791 2927 888 2989 quem
909 2906 1115 2972 assistentem
1137 2906 1197 2972 sibi
1219 2907 1277 2971 vix
1299 2916 1409 2988 posset

195 3015 235 3082 25
260 3008 421 3074 humanus
445 3019 596 3090 aspectus
621 3006 724 3074 oculis
748 3007 930 3074 camalibus
956 3007 1085 3085 intueri,
1110 3006 1174 3072 nisi
1199 3009 1287 3089 quod
1311 3007 1411 3071 talem

294 3220 310 3272 3
330 3207 552 3273 praesumpsisse
571 3206 674 3262 CDEF
693 3204 764 3272 edd,
783 3205 970 3272 praesumisse
989 3204 1023 3260 H
1089 3218 1104 3273 5
1125 3206 1174 3272 ad]
1198 3204 1289 3260 sciens
1309 3203 1412 3260 CDEF

263 3278 326 3334 edd.
357 3279 512 3346 Qexhibet
524 3281 561 3335 ad
637 3277 791 3346 sel-l-dixit
805 3278 908 3334 CDEF
922 3279 977 3334 edd
1053 3274 1411 3346 6qu0tidianalll-domin·

261 3348 304 3404 ica
318 3346 478 3403 CDEFGH
490 3350 545 3404 edd
612 3349 629 3404 8
643 3347 953 3415 familiarissimil÷sui
968 3347 1129 3404 CDEFGH
1142 3349 1197 3403 edd
1267 3363 1295 3404 11
1312 3363 1412 3403 manus

262 3419 422 3476 CDEFGH
440 3421 511 3485 edd,
528 3438 647 3486 magnus
665 3421 690 3475 B
760 3435 792 3487 14
808 3420 834 3475 ei
852 3418 1032 3484 respondisse
1048 3417 1152 3475 CDEF
1170 3419 1225 3475 edd
1291 3435 1325 3486 23
1344 3426 1413 3476 stat·

262 3511 314 3548 ura
330 3493 363 3564 ῌ
379 3493 433 3547 edd
500 3509 534 3560 24
551 3502 689 3549 astantem
708 3492 769 3549 edd.
805 3492 830 3559 Q
849 3491 963 3547 exhibet
980 3491 1158 3548 assistentem
