3264 4658
273 422 321 464 110
592 408 738 466 SANCTI
758 409 981 482 AUGUSTINI
1001 410 1100 467 VITA

272 565 384 633 videre
403 568 468 632 iam
487 579 616 650 poterat
635 568 677 634 de
696 569 804 634 seculo
824 587 1021 634 recessurus.
1062 569 1172 651 Atque
1192 570 1246 635 ille
1264 589 1332 636 non
1351 569 1421 636 sine

272 667 412 749 quadarn
432 669 532 733 anirni
551 679 585 734 et
604 669 694 736 vocis
713 669 936 752 indignatione
956 670 1137 748 infremuit,
1159 680 1192 736 et
1213 670 1314 736 dixit:
1346 670 1421 736 Pati

271 769 402 846 timetis,
419 769 510 835 exire
528 790 595 834 non
613 770 729 848 vultis;
747 771 827 852 quid
846 771 968 836 faciam
985 770 1077 838 vobis
1085 771 1119 835 ?’'

680 974 834 1040 CAPUT
854 974 1009 1038 XXVIII

229 1100 244 1168 5
396 1091 491 1174 Quae
512 1091 662 1174 proxime
682 1103 757 1157 ante
777 1103 918 1158 mortem
938 1093 977 1157 ab
999 1092 1186 1176 Augustino
1207 1093 1295 1159 edita
1334 1133 1340 1140 ·

313 1226 401 1291 Ante
418 1227 606 1308 proximum
623 1246 702 1290 vero
720 1224 807 1291 diem
824 1225 930 1291 obitus
949 1227 1000 1292 sui
1018 1249 1038 1293 a
1056 1248 1091 1291 se
1109 1226 1246 1294 dictatos
1265 1240 1297 1295 et
1315 1226 1420 1295 editos

272 1325 435 1391 recensuit
449 1326 557 1404 libros,
573 1327 642 1392 sive
656 1347 712 1392 eos
727 1346 809 1408 quos
823 1327 930 1408 primo
945 1337 1091 1409 ternpore
1106 1340 1184 1392 suae
1200 1327 1420 1394 conversionis

270 1427 378 1494 adhuc
396 1427 508 1504 laicus,
529 1427 597 1492 sive
616 1446 698 1511 quos
718 1429 896 1510 presbyter,
916 1428 984 1494 sive
1004 1447 1086 1509 quos
1107 1430 1276 1514 episcopus
1298 1431 1421 1497 dictav-

271 1538 351 1605 erat,
373 1537 405 1592 et
425 1531 635 1609 quaecunque
658 1529 692 1592 in
712 1528 762 1592 his
786 1528 973 1610 recognovit
995 1529 1089 1594 aliter
1111 1550 1209 1611 quam
1232 1529 1421 1602 sesehabet

208 1636 248 1685 10
271 1628 487 1694 ecclesiastica
509 1630 621 1711 regula
641 1650 661 1693 a
684 1650 719 1694 se
741 1629 846 1694 tuisse
867 1629 989 1696 dictata
1011 1639 1044 1696 et
1066 1630 1195 1712 scripta,
1219 1650 1294 1695 cum
1314 1631 1420 1696 adhuc

269 1729 522 1794 ecclesiasticum
538 1749 634 1794 usum
650 1729 758 1794 minus
777 1729 873 1794 sciret
889 1727 1061 1811 minusque
1078 1731 1249 1814 sapuisset,
1266 1753 1287 1797 a
1304 1741 1421 1798 semet-

270 1833 340 1914 ipso
366 1843 398 1896 et
424 1832 619 1914 reprehensa
645 1843 678 1898 et
702 1843 849 1896 correcta
874 1840 958 1897 sunt.
1005 1832 1104 1898 Unde
1129 1832 1228 1898 etiam
1252 1832 1319 1898 duo
1343 1854 1420 1899 con·

272 1932 402 2016 scripsit
424 1933 599 2012 volumina,
623 1954 763 2016 quorum
786 1945 836 2000 est
859 1935 982 2012 titulus,
1006 1936 1059 2000 De
1080 1936 1282 2002 Recenst'one
1305 1919 1420 2001 Libro-¹

270 2038 368 2100 rmn²
405 2035 599 2118 Praereptos
615 2035 713 2100 etiam
728 2035 788 2101 sibi
803 2034 963 2117 quosdam
977 2036 1076 2100 libros
1091 2046 1167 2100 ante
1183 2036 1421 2118 diligentiorem

207 2145 244 2213 15
271 2135 531 2203 emendationem
550 2158 571 2201 a
594 2135 939 2201 nonnullis'fratribus
962 2137 1243 2218 conquerebatur,²
1267 2137 1341 2203 licet
1363 2158 1433 2204 eos·

270 2237 479 2320 postmodum
501 2238 713 2302 emendasset.
760 2237 958 2318 Imperfecta
981 2237 1081 2327 etiarn
1102 2237 1262 2318 quaedam
1286 2258 1421 2306 suorum

269 2323 426 2403 librorum
442 2348 637 2421 praeventus
653 2348 759 2404 morte
775 2337 956 2420 dereliquit.
995 2337 1128 2421 Quique
1143 2337 1298 2421 prodesse
1316 2338 1419 2403 omni-

270 2439 330 2504 bus
347 2438 470 2516 volone,
487 2450 520 2503 et
535 2438 715 2504 valentibus
733 2438 836 2503 multa
853 2440 1010 2504 librorum
1026 2440 1133 2522 legere
1151 2449 1183 2504 et
1200 2459 1266 2503 non
1284 2439 1419 2504 valenti·

269 2539 340 2617 bus,
364 2562 406 2606 ex
428 2549 567 2620 utroque
590 2539 700 2606 divino
723 2540 934 2605 Testamento
956 2540 1058 2605 veteri
1082 2551 1115 2605 et
1137 2560 1224 2607 novo
1247 2550 1419 2624 praecepta

204 2656 246 2707 2ο
269 2640 449 2723 praemissa
465 2639 671 2724 praefatione
691 2639 801 2708 divina
821 2661 877 2706 seu
896 2639 997 2705 vetita
1015 2642 1058 2707 ad
1075 2640 1163 2706 vitae
1182 2641 1328 2723 regulam
1346 2660 1419 2724 per-

270 2741 406 2807 tinentia
428 2741 601 2823 excerpsit,
623 2752 721 2823 atque
745 2762 788 2806 ex
810 2741 861 2806 his
885 2761 987 2806 unum
1010 2740 1157 2808 codicem
1181 2741 1277 2806 fecit:
1303 2753 1338 2806 ut
1361 2743 1418 2824 qui

270 2843 366 2908 vellet
380 2842 510 2926 legeret,
525 2853 621 2924 atque
635 2844 668 2907 in
683 2864 723 2908 eo
736 2843 787 2906 vel
801 2861 900 2924 quarn
912 2841 1066 2908 obediens
1080 2844 1152 2907 Deo
1168 2840 1419 2926 inobediensque

269 2955 364 3021 esset,
386 2954 591 3025 agnosceret:
613 2953 646 3008 et
664 2943 727 3008 hoc
748 2963 829 3025 opus
849 2943 952 3009 voluit
972 2942 1150 3026 Speculum
1169 2942 1334 3028 appellari.

312 3044 439 3110 Verum
461 3044 552 3109 brevi
576 3043 785 3126 consequenti
809 3054 955 3126 ternpore
980 3043 1090 3108 divina
1114 3043 1281 3110 voluntate
1305 3054 1337 3109 et
1361 3064 1419 3126 po·

203 3161 222 3210 2
226 3159 242 3227 5
267 3155 387 3212 ,testate
401 3146 561 3228 provenit,
578 3156 614 3210 ut
628 3165 746 3210 manus
762 3145 875 3228 ingens
893 3145 1029 3211 diversis
1045 3145 1118 3211 telis
1135 3161 1261 3210 armata
1277 3155 1310 3210 et
1326 3142 1418 3210 bellis

305 3359 364 3413 104,
378 3359 410 3400 12
422 3343 470 3400 ob.
480 3386 487 3400 .
497 3359 542 3411 ..3
554 3343 635 3400 vobis
648 3343 735 3401 om.J
796 3344 814 3400 6
826 3341 934 3400 edictos
946 3344 973 3398 Α
1039 3357 1055 3410 7
1067 3341 1156 3400 libros
1169 3341 1310 3400 recensuit
1325 3342 1419 3400 CEGJ

268 3414 461 3470 conversionis
478 3431 546 3470 suae
558 3413 644 3469 DFH
659 3415 713 3470 edd
782 3429 811 3468 11
829 3414 955 3480 sapuisse
969 3413 1007 3479 A,
1022 3421 1132 3478 saperet
1147 3412 1217 3469 CD*
1286 3428 1323 3481 14.
1333 3414 1419 3468 Prae·

270 3489 492 3554 reptos....116‚
514 3502 548 3542 22
566 3485 850 3554 impetrantem
916 3500 949 3554 19
968 3484 1130 3553 praecepta]
1154 3493 1220 3552 post
1239 3483 1418 3554 praefatione

268 3556 455 3614 BCDEFGH
474 3557 530 3614 edd
596 3573 629 3614 22
648 3557 847 3626 inobediensve
867 3556 922 3612 edd
989 3571 1023 3623 23
1042 3555 1183 3623 appellare
1202 3554 1288 3613 BDF.
1324 3556 1419 3623 Qex-

269 3631 346 3688 hibet
366 3630 500 3697 appellari
567 3645 600 3698 25
620 3629 713 3697 bellis]
738 3629 808 3686 velis
828 3628 855 3682 Α
