3264 4658
257 433 310 496 '124
580 429 726 487 SANCTI
746 429 969 500 AUGUSTINI
988 431 1087 488 VITA

258 607 325 652 non
346 597 456 652 tenent
476 585 615 652 vincula.
658 587 746 652 Nam
765 590 821 670 qui
843 587 951 654 clades
971 589 1105 656 hostiles
1127 590 1200 656 ideo
1221 611 1288 658 non
1311 590 1406 674 fugit,

258 707 334 752 cum
351 686 455 770 possit
474 686 630 770 effugere,
651 709 692 754 ne
712 689 840 755 deserat
860 690 1076 756 ministerium
1097 691 1230 769 Christi,
1253 691 1321 757 sine
1342 711 1408 772 quo

258 807 323 851 non
344 799 481 870 possunt
501 788 649 853 homines
670 789 722 854 vel
742 789 854 854 vivere
873 791 925 856 vel
947 789 1018 856 fieri
1040 790 1228 868 Christiani,
1250 785 1408 856 maiorem

259 889 403 954 caritatis
426 889 549 955 invenit
575 889 729 967 fructum,
752 909 851 971 qnam
871 890 928 971 qui
950 911 1016 956 non
1038 902 1172 974 propter
1195 892 1325 970 iratres,
1349 890 1408 958 sed

216 1009 232 1078 ς
258 1001 391 1072 propter
404 1011 438 1055 se
452 991 558 1072 ipsum
573 990 703 1073 fugiens
716 1001 813 1072 atque
824 992 1078 1073 comprehensus
1091 1011 1158 1058 non
1171 1003 1268 1076 negat
1282 993 1407 1060 Christ-

258 1110 315 1155 um
329 1091 526 1173 suscipitque
541 1091 742 1174 martyrium.

301 1210 330 1275 5.
353 1193 444 1277 Quid
458 1205 507 1259 est
523 1214 601 1276 ergo
617 1197 704 1275 quod
720 1195 754 1258 in
770 1193 907 1276 epistola
922 1205 981 1260 tua
996 1195 1104 1277 priore
1119 1195 1278 1278 posuisti?
1315 1196 1407 1260 Dicis

258 1295 361 1360 enim:
401 1294 460 1359 “Si
479 1294 513 1358 in
531 1295 673 1360 ecclesiis
691 1293 931 1376 persistendum
948 1305 1007 1372 est,
1026 1294 1106 1377 quid
1124 1294 1225 1360 simus
1244 1295 1336 1361 nobis
1355 1295 1407 1362 vel

259 1397 379 1479 populo
402 1397 570 1480 profuturi
592 1419 659 1463 non
682 1395 788 1476 video,
812 1398 874 1463 nisi
899 1409 935 1474 ut
958 1408 1035 1462 ante
1056 1398 1167 1463 oculos
1191 1409 1321 1464 nostros
1344 1398 1407 1464 viri

196 1520 235 1569 10
259 1497 386 1576 cadant,
407 1497 550 1563 feminae
569 1508 829 1580 constuprentur,
850 1497 1064 1564 incendantur
1083 1499 1245 1576 ecclesiae,
1265 1520 1326 1566 nos
1345 1498 1408 1582 ipsi

259 1599 428 1666 tormentis
448 1598 646 1676 deficiamus,
666 1620 741 1665 cum
760 1599 800 1664 de
818 1600 911 1665 nobis
930 1598 1099 1681 quaeritur
1118 1600 1206 1682 quod
1225 1621 1292 1664 non
1311 1601 1407 1664 habe-

258 1700 362 1764 mus.'’
406 1701 527 1765 Potens
548 1712 598 1766 est
618 1699 750 1781 quidem
770 1701 861 1765 Deus
883 1699 996 1766 audire
1017 1720 1129 1783 preces
1153 1700 1297 1766 familiae
1319 1720 1407 1777 suae,
1478 1697 1494 1706 ‘

258 1812 291 1866 et
313 1802 401 1878 haec,
424 1820 506 1882 quae
530 1801 760 1878 formidantur,
784 1812 940 1878 avertere,
963 1821 1022 1866 nec
1046 1799 1119 1866 ideo
1143 1812 1253 1866 tamen
1275 1810 1408 1883 propter

259 1901 330 1979 ista,
351 1921 434 1984 quae
454 1903 576 1967 incerta
596 1913 682 1980 sunt,
702 1902 796 1969 debet
816 1922 886 1967 esse
906 1901 1010 1967 nostri
1031 1901 1127 1969 officii
1146 1913 1235 1976 certa
1257 1901 1406 1978 desertio,

196 2017 232 2086 ις
259 2003 329 2068 sine
343 2023 408 2085 quo
425 2014 474 2068 est
489 2003 573 2085 plebi
589 2013 677 2068 certa
692 2003 860 2086 pernicies,
876 2022 943 2068 non
959 2004 994 2068 iu
1011 2003 1106 2069 rebus
1122 2002 1209 2068 vitae
1226 2002 1332 2080 huius,
1349 2000 1409 2068 sed

258 2103 391 2170 alterius
406 2125 489 2186 quae
504 2103 798 2186 incomparabiliter
813 2103 999 2186 diligentius
1016 2103 1248 2184 sollicitiusque
1263 2101 1408 2168 curanda

258 2217 316 2271 est.
357 2205 445 2270 Nam
461 2206 488 2270 si
504 2215 592 2270 certa
609 2215 717 2270 essent
733 2206 796 2272 ista
811 2205 907 2282 mala,
925 2225 1009 2286 quae
1025 2203 1190 2280 timentur,
1207 2225 1249 2270 ne
1266 2202 1300 2268 in
1318 2203 1407 2280 locis,

258 2306 292 2370 in
310 2307 426 2388 quibus
444 2326 566 2382 sumus,
587 2306 673 2372 forte
691 2306 889 2389 contingant,
908 2304 999 2388 prius
1019 2303 1094 2370 inde
1114 2304 1267 2387 fugerent
1284 2323 1407 2381 omnes,

258 2419 391 2490 propter
411 2428 492 2488 quos
512 2407 555 2472 ibi
574 2407 773 2472 manendum
792 2417 850 2483 est,
871 2418 904 2472 et
923 2427 984 2472 nos
1004 2426 1024 2470 a
1042 2405 1196 2472 manendi
1216 2404 1408 2470 necessitate

192 2521 234 2570 2ο
258 2509 376 2574 liberos
400 2508 581 2574 redderent.
627 2508 703 2573 Non
725 2507 812 2573 enim
833 2508 1006 2589 quisquam
1027 2517 1086 2582 est,
1109 2506 1165 2588 qui
1187 2505 1275 2572 dicat
1295 2504 1407 2570 minis-

257 2622 326 2674 tros
347 2628 479 2675 manere
498 2619 658 2691 oportere,
679 2608 734 2673 nbi
756 2608 821 2673 iam
840 2629 907 2673 non
929 2607 1053 2673 luerint
1074 2607 1190 2689 quibus
1210 2625 1343 2672 necesse
1364 2605 1407 2671 sit

258 2712 452 2777 ministrare.
492 2713 545 2777 Ita¹
562 2711 695 2793 quidam
712 2712 814 2776 sancti
833 2710 974 2794 episcopi
993 2709 1034 2776 de
1054 2709 1215 2791 Hispania
1233 2708 1407 2792 profuger-

258 2823 327 2888 unt,
358 2813 448 2894 prius
480 2811 625 2894 plebibus
657 2812 778 2894 partim
813 2812 893 2893 luga
925 2809 1035 2892 lapsis,
1069 2809 1190 2893 partim
1221 2808 1406 2893 peremptis,

257 2915 377 2994 partim
396 2913 563 2979 obsidione
582 2913 791 2995 consumptis,
811 2914 932 2995 partim
950 2911 1137 2993 captivitate
1158 2909 1328 2992 dispersis:
1350 2910 1407 2975 sed

193 3030 233 3097 25
257 3015 361 3080 multo
389 3015 508 3097 plures,
539 3015 604 3079 illic
632 3014 837 3080 manentibus
865 3024 998 3096 propter
1027 3033 1108 3094 quos
1138 3020 1316 3088 manerent,
1347 3009 1407 3076 sub

259 3115 436 3181 eorundem
467 3116 686 3197 periculorum
718 3114 878 3180 densitate
911 3123 1111 3178 manserunt.
1167 3112 1211 3176 Et
1246 3111 1273 3176 si
1305 3110 1407 3191 aliqui

259 3216 472 3282 deseruerunt
486 3216 594 3299 plebes
610 3236 695 3294 suas,
711 3217 775 3280 hoc
789 3227 838 3281 est
853 3213 942 3297 quod
957 3215 1094 3279 dicimus
1111 3213 1181 3279 fieri
1198 3233 1264 3278 non
1280 3211 1406 3278 debere.

292 3430 307 3480 3
325 3414 385 3469 fieri
401 3417 445 3470 vel
461 3415 556 3472 vivere
573 3414 676 3470 CDEF
690 3415 745 3469 edd
813 3428 828 3482 5
845 3413 1078 3480 comprehensum
1093 3411 1121 3466 A
1192 3427 1221 3467 11
1239 3411 1269 3466 in
1284 3418 1409 3466 tormen-

258 3486 295 3544 tis
316 3488 372 3542 edd
436 3488 528 3544 nostri
548 3487 632 3544 officii
653 3504 715 3545 esse
735 3486 790 3541 edd
860 3487 892 3542 16
911 3503 983 3552 quae
1005 3501 1059 3540 om.
1081 3484 1136 3539 edd
1203 3483 1328 3540 curanda
1349 3478 1405 3545 est]

192 3577 195 3582 ’
258 3558 399 3616 curandae
417 3559 471 3616 edd
538 3576 572 3616 22
589 3560 715 3627 quidam]
738 3560 787 3615 ΟΕ
806 3559 877 3626 edd,
894 3559 1006 3625 quidem
1024 3555 1158 3612 ABDFG
