3264 4658
214 440 249 492 9⁰
536 424 683 484 SANCTI
702 425 925 483 AUGUSTINI
944 426 1043 483 VITA

216 603 277 650 suo
293 603 385 649 more
401 582 490 668 apud
506 582 670 665 quendam
685 583 823 650 Africae
841 584 1023 662 vicarium,²
1042 583 1287 650 Macedonium⁸
1305 603 1364 649 no·

215 685 312 763 mine,
328 706 390 766 pro
407 685 542 767 supplici
559 684 675 750 litteris
691 685 911 763 interveniret,
929 695 1026 767 atque
1043 685 1098 751 ille
1114 685 1285 768 paruisset,
1302 687 1365 751 hoc

215 805 308 852 more
328 785 486 868 scriptum
505 785 595 850 misit
604 788 627 850 :⁴
668 785 780 850 “Miro
799 784 899 852 modo
920 785 1042 853 afficior
1063 785 1222 868 sapientia
1244 797 1309 864 tua,
1331 798 1365 852 et

216 887 250 952 in
270 886 334 951 illis
354 905 438 968 quae
457 886 597 964 edidisti,
618 897 651 952 et
670 888 704 951 in
723 887 775 951 his
796 899 879 969 quae
899 886 1117 967 interveniens
1137 907 1197 969 pro
1219 886 1364 954 sollicitis

174 1003 189 1071 ς
215 988 344 1052 mittere
359 1008 425 1052 uon
437 987 595 1071 gravaris.
631 986 720 1053 Nam
732 987 787 1054 illa
802 997 930 1055 tantum
943 987 1064 1054 haben-t
1077 987 1245 1065 acuminis,
1262 988 1365 1052 scien·

216 1088 290 1166 tiae,
308 1089 497 1166 sanctitatis,
514 1100 551 1154 ut
567 1088 648 1153 nihil
665 1110 764 1171 supra
781 1089 832 1166 sit,
850 1101 883 1154 et
899 1090 979 1154 haec
995 1099 1124 1154 tanturn
1140 1087 1365 1165 verecundiae,

216 1201 252 1255 ut
265 1190 329 1254 nisi
345 1189 465 1255 faciam
479 1190 567 1271 quod
580 1189 727 1266 mandas,
743 1190 871 1271 culpam
886 1210 984 1272 penes
999 1211 1052 1255 me
1068 1209 1235 1255 remanere
1249 1208 1315 1253 non
1331 1190 1365 1253 in

216 1291 347 1372 negotio
359 1311 430 1356 esse
443 1289 625 1367 diiudicent,
639 1290 769 1355 domine
780 1291 899 1356 merito
912 1291 1103 1355 venerabilis
1116 1302 1149 1356 et
1162 1289 1366 1372 suscipiende

217 1403 319 1474 pater.
368 1390 445 1456 Non
471 1391 559 1457 enirn
584 1393 696 1472 instas,
723 1393 812 1474 quod
837 1391 983 1474 plerique
1008 1391 1166 1457 homines
1183 1390 1277 1456 istius
1302 1390 1366 1456 loci

154 1507 192 1555 10
218 1488 353 1569 faciunt,
367 1503 404 1557 ut
417 1491 633 1575 quodcunque
646 1492 802 1558 sollicitus
815 1493 964 1569 voluerit,
979 1502 1191 1573 extorqueas:
1207 1490 1265 1556 sed
1278 1489 1367 1573 quod

217 1592 275 1658 tibi
292 1616 312 1659 a
329 1592 436 1660 iudice
451 1605 500 1659 tot
517 1594 604 1659 curis
621 1593 777 1659 obstricto
795 1592 938 1675 petibile⁵
955 1593 1062 1658 visum
1081 1591 1192 1670 fuerit,
1211 1591 1366 1658 admones

218 1693 439 1760 subserviente
459 1694 665 1772 verecundia,
687 1713 769 1776 quae
789 1695 935 1758 maxima
957 1693 1137 1758 difficilium
1158 1693 1244 1759 inter
1263 1694 1366 1758 bonos

217 1793 358 1860 efficacia
374 1804 432 1859 est.
473 1794 615 1860 Eroindc
632 1795 744 1860 statim
761 1793 1023 1859 commendatum
1039 1792 1194 1859 effectum
1214 1791 1366 1857 desiderii

217 1895 325 1962 tribui.
366 1896 455 1960 Nam
471 1895 623 1979 sperandi
640 1897 728 1961 viam
743 1906 819 1961 ante
837 1895 1010 1960 feceram.''

156 2113 192 2182 15
619 2103 622 2108 ’
650 2088 815 2166 'CAPUT
833 2099 918 2163 XXI

456 2213 610 2280 Conciliis
628 2235 692 2297 quo
710 2215 818 2280 animo
835 2215 992 2281 interesse
1009 2216 1127 2281 soleret

262 2349 458 2416 Sanctorum
492 2351 627 2416 concilia
664 2351 871 2416 sacerdotum
906 2371 965 2434 per
999 2351 1145 2417 diversas
1183 2351 1367 2432 provincias

219 2452 379 2517 celebrata
400 2473 477 2517 cum
495 2451 604 2535 potuit
627 2451 857 2534 frequentavit,
879 2474 945 2517 non
968 2454 1002 2516 in
1025 2451 1072 2518 eis
1093 2473 1177 2535 quae
1199 2473 1258 2518 sua
1281 2463 1367 2530 sunt,

220 2552 277 2618 sed
293 2572 376 2633 quae
392 2552 471 2635 Jesu
487 2552 609 2618 Christi
626 2573 785 2635 quaerens
795 2555 817 2630 ;1
834 2564 871 2618 ut
887 2553 939 2618 vel
956 2553 1037 2618 fides
1055 2565 1185 2620 sanctae
1202 2553 1368 2618 Ecclesiae

153 2659 195 2707 20
219 2653 405 2719 Catholicae
422 2653 577 2720 inviolata
591 2665 747 2731 maneret,
765 2653 816 2718 vel
833 2654 980 2719 nonnulli
998 2655 1182 2720 sacerdotes
1199 2665 1233 2720 ct
1250 2653 1368 2731 clerici,

218 2755 289 2820 sive
306 2775 366 2837 per
388 2755 441 2820 fas
462 2753 532 2820 sive
550 2775 609 2838 per
629 2754 726 2819 nefas
747 2754 1028 2832 excommunicati,
1050 2755 1101 2820 vel
1123 2755 1370 2821 absolverentur

219 2856 271 2920 vel
293 2856 517 2921 abiicerentur.
563 2855 602 2920 In
626 2854 816 2921 ordinandis
839 2867 917 2920 vero
942 2854 1163 2921 sacerdotibus
1187 2867 1219 2920 et
1243 2855 1368 2921 clericis

219 2975 414 3022 consensum
426 2956 586 3021 maiorum
601 2956 861 3022 Christianorum
875 2967 907 3022 et
922 2955 1191 3022 consuetudinem
1204 2954 1369 3042 Ecclesiae

220 3056 421 3137 sequendum
436 3057 662 3123 arbitrabatur.

253 3256 344 3314 ahoc
362 3257 449 3314 modo
469 3256 637 3325 rescriptum
656 3257 812 3316 BCDEFG
833 3258 889 3315 edd
957 3255 1030 3325 4iis
1050 3257 1106 3314 edd
1177 3255 1370 3325 sliaml-l-et

222 3327 352 3382 CDEFG
371 3327 426 3382 edd
515 3327 783 3397 6verecundiaeA
874 3328 955 3395 7ut]
979 3329 1025 3383 vel
1044 3328 1071 3382 A
1147 3342 1197 3386 ,10
1216 3326 1366 3393 sollicitus]

221 3401 359 3469 -l-pctitor
381 3401 487 3461 CDEF,
506 3403 561 3460 edd
632 3402 758 3459 volueris
779 3402 859 3469 BGQ
934 3417 964 3470 13
987 3401 1191 3458 commendatis
1214 3401 1372 3458 BCDEFG.

221 3471 275 3526 edd
345 3487 376 3537 14
397 3474 588 3538 patefeceram
611 3471 766 3529 BCDEFG
789 3473 843 3528 edd
911 3476 953 3538 76,
975 3488 992 3538 9
1014 3471 1293 3538 Apud....ieceram
1317 3487 1372 3527 om.

219 3545 281 3599 HK
350 3559 382 3611 17
403 3554 500 3601 sancta
517 3545 545 3599 A
613 3561 646 3612 23
666 3546 802 3602 maiorem
823 3545 902 3600 BDE
924 3545 995 3609 edd,
1015 3545 1155 3599 malorum
1174 3545 1208 3610 F,
1228 3561 1285 3600 non
1305 3559 1372 3598 con·

223 3634 336 3673 sensum
362 3617 503 3672 malorum
528 3617 581 3672 D*.
649 3618 747 3674 Ε*οΡ
773 3618 904 3674 exhibent
932 3616 1072 3672 maiorum
1139 3631 1174 3683 24
1201 3615 1374 3684 sequendam¹

221 3687 326 3747 CDEF
342 3685 414 3754 edd,
431 3686 573 3754 sequendo
591 3687 620 3744 K
686 3689 729 3756 8⁴,
748 3702 781 3755 23
799 3683 1260 3744 Verumtamen....arbitrabatur
1279 3685 1373 3743 ουκ]
