3268 4668
230 378 264 442 48
552 377 697 434 SANCTI
716 377 940 434 AUGUSTINI
959 378 1058 434 VITA

232 533 323 605 nobis
355 533 474 610 retulit,
503 534 620 597 maiori
652 533 910 599 consideratione
940 534 1133 616 intelligeret
1163 546 1195 600 et
1225 547 1378 616 gemeret,

232 654 330 715 quam
350 635 451 698 multa
472 646 504 700 et
522 655 641 716 magna
662 654 740 700 suae
759 635 845 700 vitae
865 634 1009 717 pericula
1030 635 1070 700 de
1092 636 1247 716 regimine
1269 646 1301 700 et
1321 656 1379 718 gu-

231 735 419 800 bematione
431 735 584 800 ecclesiae
598 737 784 817 impendere
798 737 864 801 iam
876 757 914 802 ac
926 735 1098 818 provenire
1113 747 1267 817 speraret,
1284 747 1380 816 atque

232 835 305 901 ideo
330 834 445 900 fleret⁸
491 835 536 901 Et
560 857 674 901 eorum
699 845 735 901 ut
759 836 933 901 voluerunt
957 837 1154 917 completum
1179 846 1228 900 est
1255 836 1379 901 deside-

189 954 204 1020 5
232 937 342 1001 rium.⁴

701 1138 854 1204 CAPUT
872 1139 904 1202 V

606 1287 849 1354 Monasterium
862 1289 1002 1354 instituit

275 1421 458 1502 Factusque
489 1422 670 1504 presbyter¹
703 1421 950 1486 monasterium²
985 1423 1071 1486 intra
1102 1422 1271 1487 ecclesiam
1301 1445 1380 1488 mox

233 1522 381 1600 instituit,
400 1533 432 1586 et
451 1543 526 1587 cum
543 1522 606 1586 Dei
625 1522 726 1586 servis
746 1522 856 1587 vivere
874 1522 980 1604 coepit
999 1521 1177 1588 secundum
1194 1524 1329 1588 modum
1349 1533 1380 1588 et

170 1641 208 1690 10
233 1623 379 1704 regulam
397 1623 456 1687 sub
475 1623 594 1688 sanctis
613 1623 768 1704 apostolis
788 1623 1020 1688 constitutam.⁸
1062 1623 1209 1688 Maxime
1229 1635 1266 1688 ut
1285 1644 1381 1688 nemo

232 1722 410 1805 quidquam
434 1725 603 1806 proprium
628 1725 662 1787 in
688 1723 743 1788 illa
769 1724 922 1789 societate
947 1724 1089 1801 haberet,
1116 1723 1174 1789 sed
1199 1724 1246 1789 eis
1273 1735 1381 1789 essent

232 1824 342 1888 omnia
357 1824 549 1900 communia,
565 1835 598 1889 et
613 1823 885 1888 distribuerentur
901 1823 1073 1904 unicuique
1089 1824 1170 1888 sicut
1186 1845 1268 1906 opus
1285 1827 1380 1902 erat*

233 1926 320 2006 quod
334 1926 400 1991 iam
414 1925 483 2007 ipse
498 1926 588 2010 prior
604 1926 738 2006 fecerat,
755 1926 834 1991 dum
848 1925 888 1990 de
903 1926 1129 2005 transmarinis
1144 1924 1188 1990 ad
1203 1947 1262 1991 sua
1279 1945 1380 1990 reme-

233 2037 328 2090 asset.
371 2025 509 2091 Sanctus
529 2046 607 2090 vero
628 2026 781 2091 Valerius
802 2027 970 2091 ordinator
990 2026 1069 2103 eius,
1091 2037 1128 2090 ut
1148 2037 1218 2090 erat
1237 2027 1288 2090 vir
1308 2027 1380 2109 pius

169 2136 205 2204 15
233 2143 264 2191 et
290 2129 399 2191 Deum
423 2127 549 2204 timens,
577 2127 759 2192 exsultabat
783 2138 816 2191 et
843 2128 916 2193 Deo
940 2127 1062 2209 gratias
1090 2127 1212 2208 agebat.
1263 2127 1380 2191 Preces

233 2248 313 2308 quas
336 2227 598 2308 frequentissime
620 2227 760 2292 fudisset
782 2247 857 2292 suas
879 2226 1049 2292 exauditas
1072 2249 1091 2292 a
1112 2227 1255 2294 Domino
1278 2227 1382 2291 fuisse

232 2328 395 2404 narrabat,
415 2339 451 2392 ut
470 2328 530 2393 sibi
550 2327 705 2394 divinitus
725 2329 823 2392 homo
842 2329 1072 2392 concederetur
1092 2329 1176 2405 talis,
1197 2329 1252 2409 qui
1272 2338 1381 2409 posset

232 2430 331 2493 verbo
348 2429 410 2493 Dei
427 2439 458 2492 et
475 2427 623 2494 doctrina
640 2429 760 2494 salubri
777 2427 957 2493 Ecclesiam
972 2429 1106 2492 Domini
1123 2426 1310 2493 aedificare:
1329 2428 1381 2492 cui

234 2531 280 2594 rei
297 2550 331 2594 se
348 2530 446 2593 homo
461 2539 579 2594 natura
596 2530 749 2606 Graecus
766 2530 937 2610 minusque
955 2528 1073 2594 Latina
1089 2530 1199 2611 lingua
1216 2541 1248 2594 et
1264 2529 1381 2593 litteris

167 2645 209 2694 20
233 2630 421 2707 instructus,
447 2631 555 2694 minus
582 2630 695 2694 utilem
721 2629 917 2714 pervidebat.
967 2630 1084 2694 Eidem
1109 2632 1298 2713 presbytero
1325 2649 1382 2711 po-

233 2741 384 2795 testatem
399 2729 488 2795 dedit
504 2751 537 2794 se
553 2750 663 2795 coram
678 2731 711 2793 in
727 2730 860 2796 ecclesia
877 2730 1092 2812 Evangelium
1107 2729 1326 2812 praedicandi,
1344 2751 1382 2794 ac

235 2832 497 2911 frequentissime
509 2832 679 2908 tractandi,
691 2843 808 2896 contra·
818 2851 916 2896 usum
927 2830 1058 2912 quidem
1071 2842 1103 2896 et
1116 2830 1382 2894 consuetudinem

234 2931 470 2996 Africanarum
485 2931 717 2997 ecclesiarum.⁵
754 2933 854 2998 Unde
870 2932 968 2996 etiam
983 2951 1059 2995 eum
1075 2932 1221 2996 nonnulli
1240 2930 1382 3012 episcopi

234 3032 454 3098 detrahebant.
495 3031 561 3098 Sed
577 3032 630 3097 ille
648 3033 699 3097 vir
716 3031 907 3098 venerabilis
927 3054 964 3097 ac
981 3031 1147 3113 providus,
1166 3033 1199 3096 in
1218 3031 1382 3095 orientali-

168 3143 207 3211 25
234 3133 294 3197 bus
315 3132 458 3198 ecclesiis
481 3135 513 3198 id
535 3155 579 3198 ex
597 3155 689 3199 more
710 3133 781 3197 fieri
804 3135 907 3198 sciens
930 3143 961 3198 et
983 3141 1099 3208 certus,
1122 3144 1154 3197 et
1176 3132 1308 3197 utilitati
1330 3151 1381 3195 ec-

235 3232 350 3297 clesiae
379 3234 558 3310 consulens,
587 3220 837 3298 obtrectantium
866 3255 930 3297 non
960 3233 1094 3297 curabat
1121 3231 1258 3314 linguas,
1289 3231 1382 3296 dum-

233 3333 333 3398 modo
360 3334 565 3399 factitaretur
589 3354 609 3397 a
635 3336 832 3416 presbytero,
859 3334 947 3414 quod
973 3355 992 3400 a
1018 3355 1053 3399 se
1078 3333 1230 3415 episcopo
1256 3332 1382 3414 impleri

267 3533 284 3584 3
306 3513 445 3584 speraret]
469 3514 936 3582 ABCDEFHJKobcdejmnopqr,
957 3525 1098 3581 sperasset
1120 3513 1148 3582 a,
1170 3525 1308 3581 spectaret
1330 3515 1384 3570 edd

234 3591 250 3646 8
269 3591 361 3645 factus
379 3607 448 3656 ergo
465 3589 519 3646 edd
589 3604 621 3644 10
639 3588 801 3644 substantiis
820 3589 854 3644 ab
872 3588 1006 3653 apostolis
1023 3588 1049 3643 Α
1121 3603 1152 3644 12
1170 3588 1384 3644 distribueretur

234 3678 388 3733 BCDEHJ
413 3678 484 3742 edd,
509 3679 709 3735 distribuerent
733 3679 771 3742 K,
796 3677 975 3734 distribueret
998 3676 1023 3729 F
1093 3693 1123 3744 13
1149 3686 1322 3733 remeassent
1346 3676 1383 3742 A,

235 3745 374 3808 remearet
397 3750 420 3805 C
489 3751 521 3804 16
544 3749 769 3818 fudisset1-l-deo
792 3749 826 3814 B,
848 3749 954 3815 gratias
976 3750 1084 3815 agebat,
1108 3767 1174 3805 suas
1195 3749 1343 3804 exauditas
1366 3765 1384 3802 a

235 3823 350 3880 domino
367 3822 457 3878 fuisse
472 3839 577 3888 preces,
593 3839 663 3888 quas
680 3840 710 3878 se
729 3821 956 3886 frequentissime
973 3821 1083 3876 fudisse
1100 3821 1233 3876 narrabat
1250 3819 1383 3874 DEHJK

234 3897 306 3962 edd,
320 3896 421 3962 quibus
434 3895 573 3951 consentit
587 3894 610 3949 C
622 3912 718 3960 preces
732 3903 798 3948 onte
812 3911 829 3948 a
842 3892 957 3948 domino
973 3893 1158 3958 transferens,
1172 3901 1200 3947 et
1212 3892 1237 3946 F
1251 3903 1384 3948 narratur

236 3979 287 4036 pro
313 3968 447 4023 narrabat
471 3967 607 4022 exhibens
682 3980 717 4020 20
741 3973 770 4020 et
794 3963 885 4020 eidem
911 3963 1053 4020 CD*EJK
1079 3963 1150 4028 edd„
1176 3972 1205 4018 et
1229 3961 1303 4018 idem
1328 3963 1383 4019 DF

233 4055 264 4094 21
286 4056 413 4096 securam
431 4036 468 4102 A,
486 4053 630 4092 securam
649 4036 782 4091 ecclesiae
799 4035 834 4099 B,
851 4052 947 4090 coram
967 4051 997 4088 se
1017 4034 1124 4088 CDFH
1144 4033 1215 4098 edd„
1235 4051 1265 4088 se
1285 4051 1339 4088 om.
1357 4033 1383 4088 E

233 4128 265 4179 23
282 4130 345 4167 eum
362 4129 415 4167 om.
432 4109 606 4174 BDEFHK,
622 4109 686 4163 odd.
700 4108 755 4173 D*,
770 4109 796 4164 ei
812 4108 830 4163 J
847 4107 917 4172 edd,
934 4105 960 4162 ei
976 4106 1061 4162 etiarn
1078 4105 1102 4160 C
