3264 4658
231 429 279 486 162
735 428 868 486 NOTES

655 580 845 637 CHAPTER
862 579 951 636 XXII

264 685 343 738 1non
362 725 368 737 .
387 724 393 737 .
412 723 418 748 ,
437 689 617 750 quaerentes:
653 681 740 736 From
757 681 829 736 Phil.
846 696 929 738 2:21.

264 770 375 834 ²neaue
396 768 426 822 in
447 768 619 822 dexteram.
638 808 644 821 .
663 809 669 822 .
687 766 845 822 declinans:
886 764 973 822 From
994 765 1080 822 Num.
1101 781 1150 822 ωε
1163 777 1194 831 17
1215 764 1272 822 and
1294 765 1379 822 Prov.

230 863 314 920 4:27.
329 853 332 860 '
346 852 417 908 This
432 851 552 907 attitude
567 853 602 907 oi
616 850 776 918 Augustino
791 851 821 906 in
837 859 955 907 matters
971 850 1004 906 oi
1020 850 1101 906 dress
1116 851 1142 908 is
1159 850 1234 919 fully
1250 850 1380 906 revealed

231 936 261 992 in
277 937 369 993 Serm.
384 935 527 992 OCCLVI
547 951 594 1002 13:
610 937 703 992 Nemo
721 937 769 992 det
785 937 921 1002 byrrhum
937 937 984 990 vei
1000 936 1103 991 lineam
1121 936 1244 991 tunicam
1260 954 1312 991 seu
1327 936 1379 992 aii·

231 1023 307 1090 ouid,
327 1022 383 1077 nisi
403 1021 434 1076 in
454 1038 616 1077 commune:
639 1021 676 1078 de
695 1021 838 1076 conmmni
858 1019 967 1087 accipio
987 1027 1014 1076 et
1034 1020 1105 1076 mibi
1124 1020 1187 1089 ipsi,
1207 1036 1272 1076 cum
1291 1019 1381 1076 sciom

231 1124 379 1162 commune
396 1121 441 1162 me
457 1106 559 1162 babere
575 1105 646 1162 veile
663 1104 798 1172 quidquid
815 1105 912 1162 babeo.
945 1105 1023 1162 Nolo
1042 1104 1109 1161 talia
1126 1105 1230 1173 offerat
1245 1104 1381 1161 sanctitas

230 1199 335 1257 vestra,
349 1191 451 1258 auibus
464 1207 517 1257 eoo
532 1191 611 1246 solus
624 1189 706 1256 quasi
719 1189 865 1244 decentius
878 1197 958 1256 utar,·
975 1188 1079 1256 offerat
1093 1188 1172 1255 mihi,
1185 1189 1266 1245 verbi
1279 1189 1381 1257 pratia,

232 1276 366 1344 byrrhum
380 1275 552 1342 pretiosum,·
566 1275 645 1341 forte
660 1275 740 1329 decet
755 1274 923 1341 episcopum,
939 1274 1068 1341 quamvis
1081 1292 1140 1330 non
1154 1275 1252 1329 deceat
1266 1274 1381 1339 Aupus·

232 1360 331 1425 tinnm,
347 1360 377 1416 id
392 1366 443 1426 est,
459 1358 604 1414 hominem
617 1366 778 1427 pauperem,
794 1358 829 1413 de
844 1357 1016 1427 pauperibus
1030 1365 1136 1414 netum.
1169 1357 1261 1414 Modo
1278 1355 1381 1413 dicturi

232 1451 299 1500 nent
315 1442 452 1510 homines,
469 1444 535 1510 quio
551 1443 647 1499 inveni
663 1443 804 1510 pretiosas
820 1449 923 1507 vestes,
941 1459 1011 1509 quas
1029 1460 1088 1499 non
1105 1442 1262 1508 potuissem
1278 1443 1381 1497 bobere

233 1531 279 1584 vel
291 1529 322 1584 in
336 1527 420 1584 domo
434 1528 525 1594 patris
538 1529 594 1582 mei
607 1528 653 1582 vel
665 1529 696 1583 in
709 1528 758 1582 itia
771 1527 893 1583 seculari
905 1527 1087 1594 professione
1100 1545 1170 1582 mea.
1202 1526 1270 1581 Non
1285 1527 1378 1582 decet:

235 1614 319 1670 talem
336 1613 424 1669 debeo
443 1613 554 1678 babere,
572 1612 682 1679 qualem
700 1621 825 1679 possum,
843 1612 868 1668 si
886 1628 943 1668 non
962 1611 1099 1681 babuerit,
1116 1611 1205 1680 tratri
1223 1628 1285 1666 meo
1305 1611 1381 1667 dare.

235 1698 355 1766 Qualem
366 1706 461 1765 potest
473 1697 576 1752 babere
588 1697 743 1766 presbyter,
756 1684 867 1764 qn'alem
878 1704 972 1765 potest
985 1696 1088 1752 habere
1102 1697 1235 1752 decenter
1247 1695 1383 1752 diaconus

235 1790 263 1838 et
278 1782 474 1847 subdiaconus,
492 1781 577 1837 talem
592 1782 658 1837 noio
676 1781 811 1848 accipere,
828 1781 894 1847 quio
908 1783 940 1837 in
956 1792 1104 1836 commune
1120 1779 1235 1847 accipio.
1270 1778 1304 1835 Si
1320 1779 1384 1847 quis

235 1867 382 1923 meliorem
401 1867 518 1931 dederit,
537 1867 645 1921 vendo:
666 1866 743 1933 quod
763 1873 790 1922 et
808 1866 905 1933 facere
924 1864 1012 1932 soleo,
1031 1873 1064 1920 ut
1082 1864 1194 1932 quondo
1214 1881 1271 1919 non
1290 1871 1384 1934 potest

235 1952 323 2008 vestis
341 1968 403 2008 esse
422 1952 587 2016 communis,
605 1951 729 2017 pretium
745 1950 835 2006 vestis
851 1950 942 2016 possit
961 1967 1022 2006 esse
1042 1967 1199 2005 commune.
1236 1950 1335 2006 Vendo
1356 1959 1385 2004 et

236 2051 322 2102 eroao
337 2034 514 2103 pauperibus.
546 2034 580 2091 Si
594 2037 647 2091 hoc
663 2052 728 2090 enm
744 2035 872 2100 delectat,
886 2043 918 2088 ut
934 2051 986 2100 epo
1003 2034 1129 2100 babeam,
1145 2034 1230 2090 talem
1245 2035 1294 2090 det
1309 2034 1384 2091 unde

237 2138 295 2176 non
316 2121 485 2176 erubescam.
523 2119 630 2175 Fateor
650 2121 725 2176 enim
745 2120 835 2184 vobis,
855 2120 890 2175 de
910 2119 1036 2186 pretiosa
1055 2126 1134 2175 veste
1156 2118 1298 2185 erubesco,
1319 2118 1384 2185 auia

235 2223 293 2260 non
306 2205 387 2259 decet
400 2205 472 2260 itanc
485 2204 703 2271 professionem,
718 2205 790 2260 banc
804 2204 1034 2269 admonitionem,
1048 2221 1105 2259 non
1120 2204 1200 2259 decet
1214 2204 1282 2259 baec
1297 2219 1384 2258 ment-

238 2289 296 2354 bra,
310 2306 368 2343 non
383 2289 463 2344 decet
477 2289 530 2344 hos
545 2305 638 2344 conos.

271 2374 465 2430 ⁸orotionem:
501 2389 513 2426 1
530 2371 603 2428 Tim.
618 2385 714 2438 4:4-5.

270 2458 323 2512 *in
337 2459 398 2513 suis
415 2457 440 2512 C
440 2457 636 2525 oniessionum
653 2456 747 2512 libris:
784 2457 809 2512 C
809 2457 989 2524 onfessiones
1005 2456 1034 2512 X
1051 2455 1124 2512 xxxi
1141 2459 1182 2524 46.

272 2541 485 2608 ⁵infirmitates:
522 2557 534 2596 1
552 2541 625 2596 Tim.
641 2555 723 2608 5:23.

270 2629 351 2682 ⁶non
369 2668 376 2681 .
395 2669 400 2680 .
420 2626 612 2682 ‚voluntatisr
650 2625 678 2679 A
699 2624 898 2682 reminiscence
918 2629 952 2684 oi
973 2625 1091 2682 Philem.
1113 2639 1194 2690 1:14

272 2713 393 2766 'contra
410 2711 598 2778 pestilentiam
616 2711 755 2767 humonoe
773 2711 998 2766 consuetudinis:
1034 2710 1079 2766 To
1097 2710 1134 2766 do
1153 2727 1233 2779 away
1252 2709 1320 2766 with
1338 2713 1386 2766 the

238 2793 316 2852 habit
335 2795 369 2853 of
388 2794 575 2862 tale-bearing
593 2803 623 2852 at
642 2795 690 2852 the
710 2795 792 2863 table,
812 2795 860 2851 the
880 2794 971 2850 Third
993 2793 1110 2850 Council
1130 2794 1164 2851 oi
1184 2794 1294 2851 Toledo
1314 2796 1386 2851 later

243 2880 324 2948 (589)
355 2880 473 2938 decreed
499 2879 561 2936 that
588 2879 732 2946 Scripture
758 2879 860 2934 should
886 2879 920 2934 be
947 2877 1016 2934 read
1041 2879 1126 2934 aloud
1153 2879 1257 2946 during
1281 2879 1385 2950 mealsu:

240 3007 247 3020 .
266 3007 272 3020 .
290 3007 297 3021 .
315 2965 344 3020 id
359 2965 493 3022 universa
507 2973 605 3020 sancto
620 2963 767 3019 constitnit
781 2965 914 3032 synodus,
930 2971 963 3018 ut
978 2964 1043 3030 qnia
1058 2965 1151 3019 soient
1167 2963 1265 3020 crebro
1283 2963 1389 3020 mensis

241 3049 348 3106 otiosae
364 3049 481 3117 fabulae
497 3048 647 3118 interponi,
662 3049 693 3103 in
710 3048 787 3104 omni
802 3049 971 3104 sacerdotali
988 3049 1117 3104 convivio
1135 3049 1217 3104 lectio
1235 3047 1387 3116 scriptura·

240 3150 306 3191 rum
327 3133 488 3190 divinarum
509 3134 667 3190 misceatur.
706 3133 766 3188 Per
787 3135 840 3190 boc
863 3132 939 3188 enim
960 3141 989 3188 et
1010 3133 1120 3188 animae
1143 3131 1329 3198 aedificantur
1350 3133 1389 3188 ad

241 3217 347 3274 bonum
362 3225 390 3274 et
406 3218 522 3286 fabulae
539 3235 598 3273 non
614 3219 788 3274 necessariae
805 3217 1003 3285 prohibentur:
1039 3216 1139 3274 Canon
1157 3229 1182 3284 7,
1199 3216 1304 3283 Mansi,
1323 3216 1389 3274 Coi-

242 3302 323 3358 iectio
339 3303 542 3368 Consiliorum,
555 3302 599 3358 IX
611 3317 669 3370 994.

659 3521 849 3579 CHA=PTER
865 3521 970 3578 XXIII

277 3641 493 3708 1attoanebarnr
504 3641 612 3709 plebem
625 3641 695 3698 Dei:
728 3641 799 3698 Two
812 3641 847 3698 oi
859 3639 1042 3708 Augustine's
1057 3640 1205 3699 addresses
1219 3659 1257 3699 on
1271 3643 1340 3699 such
1354 3659 1391 3698 an

244 3725 374 3782 occasion
391 3741 439 3780 are
457 3724 531 3794 fully
547 3725 682 3782 recorded
700 3725 729 3780 in
744 3734 802 3784 two
820 3743 948 3782 sermons
965 3724 1093 3782 CCCLV
1109 3726 1167 3783 and
1184 3725 1323 3784 CCCLVI
1342 3743 1391 3784 en-

244 3807 325 3867 titled
339 3809 384 3866 De
401 3808 467 3866 Vita
483 3818 510 3865 et
524 3810 657 3866 Moribus
672 3810 848 3867 Ciericornm
863 3809 995 3868 Suorum.

279 3896 330 3950 ²in
347 3901 442 3951 vetere
461 3894 657 3950 Testamenta:
694 3895 778 3950 Deut.
798 3896 836 3952 18.
