3264 4658
220 421 268 472 104
539 403 684 461 SANCTI
703 402 927 460 AUGUSTI-NI
946 401 1043 458 VITA

218 561 367 626 cillarum
382 561 445 625 Dei
462 560 554 624 vixit.
595 558 660 624 Sed
678 581 718 624 ne
738 559 852 624 fratris
871 560 921 624 sui
939 558 1034 635 filiae,
1053 579 1136 640 quae
1153 558 1277 639 pariter
1293 558 1365 623 Deo

218 663 401 728 serviebant
410 665 432 725 :1
451 681 531 742 quas
551 681 705 742 personas
726 671 913 725 sanctorum
931 660 1158 742 episcoporum
1177 659 1313 723 concilia
1332 659 1366 722 in

219 763 363 845 exceptis
392 775 579 845 posuerunt.
630 762 768 826 Dicebat
796 781 885 840 vero,
915 760 1004 843 quia²
1033 760 1094 827 etsi
1123 760 1164 826 de
1193 780 1305 826 sorore
1333 771 1366 824 et

218 864 367 947 neptibus
392 885 503 930 secum
526 863 799 928 commorantibus
824 862 913 927 nulla
937 861 1026 926 nasci
1051 873 1161 945 posset
1184 861 1270 927 mala
1296 879 1364 926 sus-

176 977 191 1045 5
218 965 313 1048 picio,
325 975 435 1030 tamen
447 964 602 1046 quoniam
613 964 686 1028 illae
699 981 857 1048 personae
870 963 939 1028 sine
952 962 1024 1028 aliis
1036 963 1228 1028 necessariis
1242 981 1366 1027 secum·

220 1086 282 1147 que
294 1065 499 1132 manentibus
516 1065 648 1130 feminis
663 1084 814 1130 essenon
829 1073 970 1145 possent,
987 1075 1020 1129 et
1035 1065 1123 1146 quod
1139 1062 1182 1130 ad
1197 1083 1252 1128 eas
1268 1063 1367 1128 etiam

219 1167 302 1232 aliae
324 1166 443 1231 aioris⁸
466 1167 634 1243 intrarent,
659 1166 772 1231 dehis
795 1186 892 1248 posse
914 1163 1149 1231 offendiculum
1172 1175 1228 1230 aut
1252 1163 1367 1230 scand-

221 1269 310 1333 alum
334 1267 484 1332 infirmis*
510 1267 610 1346 nasci,
635 1279 668 1332 et
693 1267 764 1331 illos
790 1268 845 1348 qui
871 1286 946 1331 cum
970 1266 1122 1347 episcopo
1147 1265 1199 1330 vel
1224 1264 1367 1346 quolibet

220 1369 336 1434 clerico
361 1369 448 1434 forte
471 1377 648 1445 manerent,
672 1389 713 1432 ex
737 1366 799 1432 illis
823 1367 972 1433 omnibus
997 1367 1195 1431 feminarum
1220 1367 1367 1448 personis

156 1486 196 1536 10
219 1490 316 1552 posse
334 1490 398 1537 una
415 1469 689 1535 commorantibus
708 1479 765 1533 aut
782 1469 1041 1545 adventantibus,
1061 1480 1119 1532 aut
1136 1466 1367 1532 tentationibus

220 1571 370 1636 humanis
384 1571 500 1654 perire,
516 1582 573 1635 aut
585 1581 673 1635 certe
686 1569 780 1634 malis
794 1569 965 1634 hominum
978 1569 1214 1650 suspicionibus
1229 1567 1368 1650 pessime

221 1671 403 1737 diffamari:
421 1672 462 1737 ob
481 1672 544 1736 hoc
562 1675 645 1754 ergo'
658 1669 794 1748 dicebat,
812 1689 980 1752 nunquam
999 1669 1139 1759 feminas
1158 1668 1275 1735 debere
1294 1688 1369 1733 cum

221 1774 324 1837 servis
346 1773 418 1848 Dei,
442 1773 540 1838 etiam
562 1771 759 1849 castissimis,
783 1791 848 1836 una
869 1791 1001 1836 manere
1024 1769 1132 1848 domo,
1155 1791 1197 1835 ne
1224 1769 1279 1851 (ut
1301 1768 1368 1835 dic·

221 1885 292 1938 tum
318 1875 384 1954 est)
417 1873 549 1954 aliquod
576 1873 765 1938 scandalum
791 1873 842 1937 vel
871 1871 1107 1937 offendiculum
1134 1870 1190 1935 tali
1219 1868 1368 1953 exemplo

158 1989 195 2057 15
221 1984 397 2056 poneretur
411 1974 572 2038 infirmis.⁵
608 1975 652 2039 Et
667 1974 693 2039 si
711 1974 797 2039 forte
812 1972 852 2038 ab
868 1973 1027 2054 aliquibus
1044 1971 1175 2037 feminis
1191 1983 1227 2036 ut
1243 1970 1369 2036 videre·

221 2086 275 2140 tur
297 2075 348 2140 vel
369 2075 575 2153 salutaretur,
598 2075 783 2157 rogabatur,
805 2093 973 2156 nunquam
994 2074 1063 2138 sine
1086 2071 1210 2138 clericis
1233 2070 1369 2137 testibus

222 2176 264 2239 ad
288 2195 362 2240 eum
385 2175 558 2252 intrabant,
582 2175 635 2239 vel
658 2175 746 2239 solus
770 2193 846 2238 cum
868 2175 945 2238 solis
969 2193 1135 2254 nunquam
1158 2183 1208 2238 est
1231 2172 1368 2249 locutus,

221 2298 281 2342 nec
298 2278 325 2342 si
341 2287 540 2344 secretorum
556 2262 679 2359 aliquid
694 2279 873 2341 interesset.
1018 2284 1020 2290 '

639 2483 793 2548 CAPUT
812 2482 948 2548 XXVII

156 2647 197 2696 20
432 2617 586 2682 Officium
606 2638 684 2700 erga
707 2617 879 2683 destitutos
901 2627 933 2682 et
955 2627 1160 2698 aegrotantes

265 2750 305 2814 In
320 2749 558 2816 visitationibus
574 2770 652 2815 vero
666 2750 802 2815 modum
817 2751 946 2815 tenebat
960 2752 1000 2816 ab
1016 2750 1175 2834 Apostolo
1190 2749 1369 2828 definitum,

223 2850 260 2916 ut
286 2872 352 2916 non
377 2851 440 2916 nisi
466 2850 581 2916 viduas
608 2861 641 2916 et
664 2851 804 2935 pupillos
831 2851 865 2915 in
891 2851 1151 2916 tribulationibus
1177 2852 1370 2930 constitutos

224 2952 394 3017 visitaret.²
437 2953 481 3017 Et
503 2953 531 3017 si
556 2952 643 3017 forte
663 2953 704 3018 ab
728 2951 968 3035 aegrotantibus
990 2953 1031 3018 ob
1054 2953 1116 3018 hoc
1137 2963 1310 3036 peteretur,
1335 2963 1370 3016 ut

223 3073 283 3133 pro
303 3053 350 3118 eis
371 3053 405 3117 in
426 3055 588 3134 praesenti
609 3053 787 3126 Dominum
809 3064 939 3134 rogaret
960 3052 1071 3134 eisque
1090 3073 1225 3118 manum
1246 3053 1371 3135 impon-

158 3169 197 3238 25
224 3162 303 3231 eret,
323 3153 393 3219 sine
412 3167 505 3219 mora
523 3153 685 3236 pergebat.
728 3153 938 3218 Feminarum
958 3164 1068 3218 autem
1087 3154 1285 3218 monasteria
1305 3173 1371 3217 non

223 3253 286 3318 nisi
302 3254 492 3336 urgentibus
508 3253 753 3320 necessitatibus
769 3255 930 3319 visitabat.
970 3253 1176 3319 Sei-vandum
1191 3274 1320 3336 quoque
1338 3255 1372 3318 in

260 3418 272 3457 1
295 3418 347 3457 nec
367 3402 439 3459 EGJ
459 3403 530 3469 edri,
550 3420 641 3470 neque
662 3403 687 3461 C
757 3402 883 3471 -l-patrui
906 3401 950 3460 sui
970 3401 1045 3460 filiae
1065 3411 1096 3460 et
1117 3403 1180 3460 edd.
1200 3403 1371 3470 LMNOPQ

224 3471 458 3539 acdephjlmnoqr
478 3490 533 3529 om.
550 3473 741 3540 patrui....et
807 3472 949 3541 4nullam
966 3473 993 3528 A
1064 3473 1160 3540 ssine
1179 3490 1233 3529 om.
1250 3473 1287 3529 A.
1356 3484 1373 3538 7

224 3542 272 3598 alii
288 3542 321 3606 G,
335 3542 376 3597 illi
390 3543 423 3606 B,
436 3543 508 3599 aliae
524 3545 608 3600 etiam
622 3545 675 3598 DF
690 3544 745 3599 edd
814 3544 938 3608 lorisA,
953 3561 989 3598 ex
1006 3544 1116 3600 foribus
1131 3545 1157 3598 Ε
1224 3543 1374 3598 8infirmi-

223 3614 322 3671 oribus
339 3614 415 3670 CDF
431 3616 493 3671 edd.
529 3615 685 3682 Qexhibet
701 3615 821 3670 infirmis
886 3625 1047 3683 omaneret
1062 3616 1088 3670 Α
1161 3629 1192 3674 10
1207 3616 1252 3672 vel
1268 3615 1373 3672 adven·

224 3686 347 3748 tantibus
364 3684 431 3740 CEJ
446 3686 500 3740 edd
568 3695 617 3742 aut
631 3685 1105 3751 tentationibus...suspicionibus
1122 3704 1176 3742 om.
1192 3686 1225 3742 F.
1258 3696 1319 3740 aut.
1330 3726 1336 3739 .
1346 3726 1370 3739 ..

225 3765 302 3813 certe
318 3775 373 3814 ona
388 3759 414 3814 J.
446 3766 522 3814 certe
538 3773 593 3814 ont.
610 3758 691 3814 CEH
759 3773 790 3812 12
806 3757 970 3822 ob....110,
985 3772 1002 3824 3
1017 3756 1099 3814 vobis
1116 3758 1206 3814 om]
1271 3755 1373 3814 debere

226 3827 349 3883 feminas
363 3827 523 3884 CDEFGH
536 3827 591 3885 edd
656 3842 686 3894 13
700 3826 873 3884 castissimas
885 3826 938 3893 BQ
1005 3843 1036 3894 14
1049 3827 1197 3884 autDFH
1210 3826 1265 3883 edd
1327 3826 1374 3883 vel

225 3897 427 3954 offendiculum
445 3915 499 3952 om.
517 3896 542 3952 C
610 3911 640 3964 15
657 3896 861 3954 infirmioribus
878 3898 956 3954 CDF
973 3897 1027 3952 edd
1097 3899 1129 3954 16
1146 3913 1277 3963 umquam
1297 3895 1374 3952 CDE

224 3969 307 4026 FGH
327 3971 381 4025 edd
447 3985 481 4024 22
499 3969 618 4036 pupillas
639 3970 673 4034 B,
692 3969 812 4035 pupillos
832 3979 860 4026 et
879 3966 980 4025 viduas
999 3969 1102 4025 CDEF
1122 3969 1185 4026 edd.
1209 3969 1274 4036 (aut
1293 3975 1322 4024 et
1341 3965 1376 4032 G,

225 4042 319 4098 viduis
332 4042 365 4096 H
368 4044 379 4109 )
452 4042 620 4098 constitutas
633 4041 715 4098 BDG
730 4041 784 4096 edd
851 4057 885 4109 23
900 4039 1033 4097 visitabat
1048 4041 1097 4098 CE
1164 4055 1199 4105 24
1212 4039 1370 4106 eisque...

224 4116 381 4181 imponeret
400 4113 496 4170 om.C
563 4131 663 4169 manus
683 4114 737 4169 edd

1613 3927 1621 3986 i
