3264 4658
251 473 299 512 120
569 455 714 514 SANCTI
734 455 957 512 AUGUSTINI
976 455 1075 512 VITA

249 614 416 697 quaerenti
440 613 552 680 audire
577 614 752 680 sufficeret:
776 615 1038 696 quandoquidem
1062 614 1140 694 dixi,
1164 636 1223 681 nec
1247 636 1302 681 eos
1325 635 1397 682 esse

248 714 475 798 prohibendos,
497 715 553 797 qui
575 716 617 780 ad
639 716 719 792 loca,
742 717 769 780 si
791 726 937 798 possunt,
959 715 1100 798 migrare
1122 717 1248 785 munita
1271 715 1396 782 deside·

250 826 341 894 rant;
364 828 398 882 et
420 816 591 881 ministerii
615 817 719 881 nostri
742 816 882 895 vincula,
905 817 1022 898 quibus
1046 838 1106 883 nos
1131 816 1254 883 Christi
1278 815 1397 882 caritas

248 917 416 1001 alligavit*
434 939 475 982 ne
492 919 679 983 deseramus
696 917 856 996 ecclesias,
875 917 990 1000 quibus
1009 918 1131 983 servire
1149 917 1312 996 debemus,
1331 938 1397 992 nou

207 1033 223 1102 ς
248 1039 320 1084 esse
341 1017 529 1102 rumpenda.
549 1098 551 1103 Ι
573 1018 641 1084 Ista
662 1018 781 1102 quippe
801 1019 900 1084 verba
920 1029 1006 1096 sunt,
1027 1017 1165 1100 quaein
1186 1019 1242 1083 illa
1261 1019 1397 1102 epistola

249 1120 360 1202 posui:
378 1121 493 1185 Restat
510 1139 597 1202 ergo,
615 1121 757 1201 inquam,
775 1130 812 1185 ut
829 1140 888 1184 nos
906 1139 1046 1201 quorum
1061 1119 1279 1186 ministerium
1296 1139 1397 1201 quan·

249 1222 463 1302 tulaecunque
482 1220 566 1304 plebi
585 1221 648 1285 Dei
667 1222 722 1286 ubi
741 1240 853 1286 sumus
871 1222 1016 1285 manenti
1036 1221 1081 1284 ita
1099 1220 1319 1286 necessarium
1338 1230 1397 1296 est,

250 1333 286 1386 ut
312 1323 382 1386 sine
408 1322 470 1387 hoc
494 1343 567 1387 eam
592 1343 658 1386 non
685 1332 832 1403 oporteat
860 1341 1036 1399 remanere,
1065 1320 1210 1386 dicamus
1237 1321 1397 1385 Domino:

250 1423 331 1488 Esto
348 1422 442 1487 nobis
458 1423 492 1488 in
510 1424 620 1486 Deum
634 1432 851 1504 protectorem
869 1423 951 1488 etin
970 1424 1078 1488 locum
1094 1422 1280 1486 nutritum⁸

188 1537 227 1586 10
292 1541 321 1588 2.
346 1522 412 1588 Sed
432 1524 494 1588 hoc
515 1523 685 1589 eonsilium
705 1523 763 1588 tibi
784 1534 956 1606 propterea
977 1543 1043 1586 non
1065 1521 1192 1600 sufficit,
1215 1534 1251 1588 ut
1273 1521 1398 1598 scribis,

249 1645 291 1690 ne
313 1635 425 1691 contra
446 1626 580 1689 Domini
601 1635 809 1706 praeceptum
831 1626 883 1689 vel
905 1624 1091 1706 exemplum
1113 1623 1222 1688 facere
1245 1624 1398 1700 nitamur,

251 1725 304 1790 ubi
322 1725 517 1808 fugiendum
532 1747 602 1791 esse
619 1725 659 1791 de
675 1725 806 1790 civitate
822 1725 856 1789 in
872 1723 1038 1790 civitatem
1052 1735 1172 1790 monet.
1211 1723 1398 1789 Recolimus

250 1826 338 1891 enim
357 1827 456 1892 verba
477 1826 622 1905 dicentis
644 1827 728 1892 Cum
748 1832 859 1890 autem
877 1835 1113 1908 persequentur
1133 1845 1194 1890 vos
1212 1825 1247 1889 in
1269 1824 1398 1890 ciuitate

250 1927 323 2003 isto,
345 1927 452 2010 sepite
474 1928 510 1992 in
531 1927 652 1993 olioru⁹
697 1926 781 2011 Quis
802 1939 913 1992 autem
935 1927 1045 1992 eredat
1068 1926 1114 1992 ita
1136 1927 1198 1990 hoc
1221 1926 1399 1991 Dominum

190 2039 225 2108 ις
250 2027 321 2092 fieri
341 2028 492 2105 voluisse,
511 2039 548 2093 ut
566 2027 748 2093 necessario
766 2027 957 2105 ministerio,
978 2027 1047 2092 sine
1066 2047 1131 2108 quo
1151 2027 1261 2092 vivere
1280 2045 1399 2108 neque-

251 2139 319 2205 unt,
355 2127 582 2194 desererentur
613 2148 738 2211 greges,
774 2147 856 2211 quos
892 2147 952 2193 suo
985 2127 1142 2210 sanguine
1177 2127 1399 2207 comparavit?

252 2229 422 2310 Numquid
449 2231 511 2295 hoc
540 2229 621 2294 fecit
650 2230 727 2312 ipse,
757 2228 887 2312 quando
915 2229 1119 2312 portantibus
1149 2227 1335 2310 parentibus
1366 2228 1400 2292 in

250 2330 439 2413 Aegyptum
451 2330 608 2412 parvulus
625 2330 720 2412 fugit,
736 2332 791 2412 qui
807 2330 953 2394 nondum
968 2329 1120 2395 ecclesias
1136 2337 1399 2412 congregaverat,

250 2449 332 2513 quas
348 2432 389 2497 ab
405 2451 445 2496 eo
462 2431 606 2496 desertas
625 2431 728 2496 fuisse
745 2429 914 2496 dieamus?
957 2429 1126 2512 Numquid
1143 2430 1276 2512 quando
1292 2428 1399 2510 Apos-

186 2550 229 2599 20
251 2533 337 2598 tolus
355 2533 487 2610 Paulus,
506 2555 546 2599 ne
564 2522 656 2598 illum
670 2533 960 2614 comprehenderet
977 2531 1126 2596 inimicus
1144 2552 1202 2614 per
1222 2531 1401 2598 fenestram

252 2634 286 2699 in
310 2646 420 2717 sporta
445 2634 622 2699 submissus
647 2645 705 2711 est,
728 2644 761 2699 et
786 2632 902 2716 effugit
924 2653 1041 2709 manus
1064 2633 1174 2709 eius‚¹⁰
1198 2631 1327 2698 deserta
1351 2641 1401 2696 est

252 2755 336 2817 quae
361 2734 403 2798 ibi
429 2745 500 2800 erat
526 2735 661 2800 ecclesia
686 2734 869 2800 necessario
894 2733 1085 2810 ministerio,
1111 2743 1144 2798 et
1169 2752 1236 2798 non
1263 2734 1302 2797 ab
1329 2731 1401 2797 aliis

253 2836 411 2901 fratribus
442 2836 562 2901 ibidem
593 2834 778 2902 constitutis
807 2833 897 2917 quod
926 2835 1097 2916 oportebat
1129 2833 1299 2917 impletum
1330 2833 1401 2898 est?

253 2937 311 3002 Eis
329 2937 449 3020 quippe
466 2937 647 3003 volentibus
666 2937 728 3001 hoc
746 2935 924 3018 Apostolus
945 2934 1079 3013 fecerat,
1099 2945 1135 3000 ut
1153 2956 1189 3000 se
1208 2936 1314 3014 ipsum
1335 2952 1401 2999 ser-

187 3046 227 3115 23
252 3048 345 3102 varet
361 3038 534 3115 Ecclesiae,
551 3059 648 3120 quem
662 3036 794 3121 proprie
809 3047 998 3119 persecutor
1014 3036 1067 3101 ille
1084 3035 1267 3117 quaerebat.
1307 3034 1401 3098 Faci-

253 3150 309 3204 ant
329 3158 406 3222 ergo
427 3139 513 3204 servi
533 3137 665 3215 Christi,
686 3137 826 3203 ministri
847 3137 936 3203 verbi
957 3147 990 3202 et
1010 3136 1202 3204 sacramenti
1223 3135 1292 3201 eius
1313 3135 1401 3217 quod

252 3239 415 3323 praecepit
434 3240 503 3305 sive
520 3240 676 3322 permisit.
717 3239 858 3322 Fugiant
876 3237 1009 3303 omnino
1027 3238 1069 3305 de
1086 3237 1218 3302 civitate
1235 3236 1271 3300 in
1289 3235 1401 3300 civita·

270 3404 982 3536 Jefftffiitssfinifi‘mcssEfflbdepdd‘s‘mt
996 3407 1023 3462 Α
1094 3420 1194 3462 nnec
1208 3406 1235 3461 A
1306 3405 1338 3462 16
1353 3403 1401 3462 de·

256 3496 269 3534 s
456 3521 465 3544 ,
503 3496 603 3535 eseran
636 3496 650 3534 r
