3268 4668
220 439 254 494 74
542 422 688 484 sANcn
707 424 930 501 Aoousrrm
950 425 1048 482 vnn

221 605 360 664 sueram,
380 585 438 652 sed
456 587 651 670 pendentem
670 585 886 669 reliquerim.”
927 585 988 651 Cui
1010 585 1252 667 respondimus:
1296 586 1369 651 “Ita

219 707 280 752 nos
299 687 334 751 in
353 697 499 770 tempore
517 687 652 752 miratos
674 686 778 754 fuisse
797 687 918 753 scimus
936 698 970 754 et
989 686 1281 770 recognoscimus.”
1321 687 1368 751 At

220 787 291 853 ille:
332 787 469 866 “Credo,
487 787 544 864 ait,
564 786 652 853 forte
671 787 812 870 aliquem
830 796 994 854 errantem
1012 789 1046 852 in
1065 789 1186 872 populo
1205 788 1367 855 Dominus

220 911 278 974 per
296 900 441 955 nostram
461 889 656 955 oblivionem
674 901 706 956 et
725 910 871 955 errorem
888 888 998 955 doceri
1016 901 1049 956 et
1069 891 1177 955 curari
1197 890 1336 956 voluerit
1345 892 1368 955 :²

179 1002 195 1070 5
221 990 255 1055 in
276 989 368 1056 cuius
389 1010 489 1055 manu
512 1010 624 1056 sumus
647 1001 679 1056 et
700 1002 815 1057 noser
838 1011 1007 1064 sermones,
1025 991 1139 1056 nostri.
1184 991 1271 1056 Nam
1294 1011 1369 1055 cum

220 1091 406 1174 propositae
428 1091 627 1172 quaestionis
649 1082 752 1156 latera
774 1102 1015 1174 pertractarem,
1040 1092 1073 1156 in
1097 1091 1187 1158 aliud
1209 1092 1368 1157 sermonis

220 1212 361 1257 excursu
379 1191 518 1274 perrexi,
536 1203 633 1273 atque
650 1194 696 1260 ita
711 1212 778 1257 non
796 1193 906 1258 clausa
923 1195 974 1258 vel
992 1192 1153 1275 explicata
1170 1193 1368 1275 quaestione,

220 1291 474 1373 disputationem
500 1295 672 1358 terminavi
700 1294 804 1376 magis
833 1293 990 1360 adversus
1020 1293 1289 1360 Manichaeorum
1319 1315 1369 1361 er-

221 1413 339 1471 rorem,
362 1394 449 1459 unde
471 1393 550 1458 nihil
573 1393 680 1460 dicere
702 1398 908 1460 decreveram
932 1395 1111 1476 disputans,
1134 1415 1233 1477 quam
1256 1397 1296 1462 de
1317 1395 1368 1461 his

159 1505 198 1553 10
220 1514 304 1575 quae
326 1514 472 1559 asserere
494 1495 758 1577 proposueram.''
801 1496 845 1560 Et
867 1487 1054 1577 posthaec,
1077 1496 1140 1562 nisi
1165 1495 1272 1574 fallor,
1297 1516 1369 1561 ecce

220 1595 284 1661 alia
302 1595 355 1661 die
373 1595 424 1661 vel
442 1607 517 1678 post
534 1595 670 1661 biduum
687 1598 775 1662 venit
794 1596 928 1677 quidam
946 1597 1091 1662 Firmus²
1109 1597 1250 1674 nomine,
1271 1617 1369 1679 nego·

221 1695 328 1773 tiator,
354 1706 386 1772 et
410 1697 496 1761 intra
519 1697 753 1762 monasterium
777 1696 901 1762 sedenti
928 1707 1040 1762 sancto
1065 1698 1252 1780 Augustino
1277 1698 1369 1763 nobis

221 1817 340 1874 coram,
370 1799 412 1862 ad
442 1796 540 1881 pedes
569 1797 704 1879 genibus
734 1799 926 1880 provolutus
956 1819 1026 1863 sese
1056 1799 1188 1864 iactavit
1218 1799 1369 1863 lacrimas

222 1895 374 1974 fundens,
398 1909 431 1964 et
453 1918 571 1980 rogans
595 1909 631 1963 ut
654 1919 714 1981 pro
738 1899 804 1963 suis
828 1898 953 1965 delictis
977 1898 1128 1965 sacerdos
1152 1919 1227 1963 cum
1250 1900 1369 1964 sanctis

156 1999 196 2066 '¹5
220 1998 399 2062 Dominum
425 2009 622 2080 precaretur,
651 1998 807 2065 confitens
834 2001 923 2080 quod
951 2000 1221 2065 Manichaeorum
1249 2010 1371 2065 sectam

222 2111 351 2164 secutus
374 2099 501 2176 fuisset,
523 2111 555 2165 et
577 2102 610 2165 in
631 2122 669 2168 ea
690 2101 937 2182 quamplurimis
957 2101 1051 2165 annis
1073 2101 1219 2178 vixisset,
1241 2112 1273 2165 et
1295 2121 1369 2182 pro-

221 2209 332 2280 pterea
349 2201 521 2282 pecuniam
538 2201 673 2265 multam
692 2201 770 2284 ipsis
790 2201 992 2266 Manichaeis
1012 2202 1063 2266 vel
1082 2202 1138 2279 eis,
1158 2221 1239 2282 quos
1260 2202 1370 2265 dicunt

221 2301 349 2378 electos,
369 2301 533 2366 incassum
550 2312 732 2384 erogasset:
751 2323 789 2366 ac
808 2324 842 2367 se
861 2302 895 2367 in
913 2303 1048 2366 ecclesia
1066 2302 1128 2367 Dei
1146 2301 1371 2367 misericordia

223 2401 327 2466 fuisse
359 2401 429 2468 eius
462 2402 652 2466 tractatibus
684 2421 790 2483 nuper
823 2413 1005 2467 correctum
1035 2413 1132 2482 atque
1166 2402 1371 2468 Catholicum

157 2502 199 2552 20
224 2502 358 2568 lactum.
397 2503 497 2586 Quod
513 2516 546 2569 et
563 2505 631 2585 ipse
648 2504 840 2569 venerabilis
858 2504 1074 2586 Augustinus,
1091 2515 1125 2570 et
1141 2525 1204 2570 nos·
1220 2505 1275 2586 qui
1293 2514 1372 2568 tunc

222 2604 404 2681 aderamus,
425 2605 466 2669 ab
487 2606 603 2670 eodem
623 2605 795 2687 diligenter
816 2605 1014 2686 inquirentes
1037 2628 1078 2670 ex
1100 2625 1164 2686 qua
1185 2627 1220 2670 re
1242 2603 1370 2687 potissi·

221 2727 311 2770 mum
328 2706 382 2772 illo
398 2716 539 2772 tractatu
556 2705 616 2770 sibi
634 2705 735 2770 luerit
751 2705 967 2782 satisfactum,
985 2717 1017 2772 et
1035 2706 1198 2771 referente
1214 2706 1371 2787 nobisque

222 2805 371 2871 omnibus
389 2806 548 2872 sermonis
565 2805 684 2871 seriem
701 2805 1014 2888 recognoscentibus,
1032 2805 1237 2888 profundum
1255 2804 1372 2871 consil-

224 2907 293 2971 ium
312 2907 374 2971 Dei
395 2928 455 2989 pro
476 2909 580 2972 salute
600 2908 784 2972 animarum
803 2905 1001 2972 admirantes
1023 2917 1056 2972 et
1078 2917 1253 2990 stupentes,
1273 2906 1373 2988 glori-

157 3014 197 3082 25
224 3007 392 3072 ficavimus
406 3019 554 3073 sanctum
569 3009 638 3072 eius
653 3028 771 3072 nornen
786 3019 818 3073 et
832 3006 1057 3074 benediximus
1067 3009 1089 3071 :⁸
1104 3008 1159 3088 qui
1175 3028 1249 3071 cum
1263 3008 1373 3072 volue-

226 3105 278 3184 rit,
299 3117 333 3172 et
355 3109 441 3174 unde
463 3107 611 3186 voluerit,
635 3118 667 3173 et
688 3107 851 3190 quomodo
873 3108 1022 3185 voluerit,
1046 3118 1078 3173 et
1099 3127 1158 3190 per
1180 3107 1318 3172 scientes
1340 3118 1373 3172 et

225 3229 284 3289 per
308 3208 488 3274 nescientes
515 3211 653 3275 salutern
678 3220 833 3291 operatur
859 3208 1067 3274 animarum.⁴
1115 3207 1158 3275 Et
1185 3229 1227 3273 ex
1254 3229 1293 3274 eo
1320 3207 1374 3271 ille

257 3425 274 3476 3
294 3410 378 3466 credo
399 3410 439 3466 ait
461 3410 549 3479 forte]
574 3408 1044 3477 ABCDEFGchefothmnopqr,
1063 3409 1105 3467 ait
1125 3410 1246 3476 aliquem
1268 3410 1315 3476 dle,
1336 3409 1376 3465 ait

224 3483 300 3548 quod
327 3484 404 3540 forte
430 3484 484 3537 edd
552 3497 567 3550 5
594 3492 660 3541 sunt
685 3483 841 3540 BCDEFG
867 3485 921 3539 edd
988 3485 1006 3539 6
1032 3483 1133 3551 latera]
1163 3482 1375 3548 ABCDEFGQ

225 3555 500 3622 ocdefyjklmnopqr,
524 3556 645 3613 latebras
669 3557 723 3610 edd
791 3568 808 3622 7
829 3557 962 3612 conclusa
985 3554 1141 3611 BCDEFG
1164 3557 1219 3611 edd
1286 3557 1303 3611 8
1325 3555 1376 3610 ad-

224 3647 338 3685 versum
358 3628 383 3684 G
402 3628 456 3685 edd
522 3629 592 3696 oiis
612 3629 667 3683 edd
734 3630 777 3695 64,
798 3629 829 3684 18
849 3628 926 3683 Inter
945 3644 1080 3686 ea....1o
1099 3645 1301 3693 proposueram
1321 3643 1375 3681 om.

224 3702 285 3756 HK
294 3764 298 3771 ¹
354 3717 386 3757 12
399 3701 513 3757 sedente
526 3703 551 3756 B
565 3700 622 3756 edd
690 3717 720 3768 13
733 3697 929 3768 pedesl-l-eius
945 3700 1064 3757 CEedd
1133 3714 1163 3767 15
1179 3701 1377 3766 deprecaretur

224 3775 254 3829 K
269 3775 325 3830 edd
391 3790 425 3829 22
440 3775 469 3829 in
486 3775 534 3830 illo
548 3775 594 3828 D*
611 3776 681 3839 εδδ,
698 3775 727 3828 in
744 3774 793 3829 illo
808 3774 985 3840 potissimum
1002 3781 1125 3829 tractatu
1143 3773 1167 3828 C
1234 3791 1268 3830 eo
1285 3771 1375 3828 refer-

227 3856 290 3903 ente
305 3848 339 3915 B,
352 3846 496 3903 referente
510 3846 559 3903 illo
574 3847 637 3912 CH,
652 3845 796 3902 referente
811 3863 845 3902 eo
860 3845 916 3902 edd
