3264 4658
249 409 297 464 126
568 409 713 467 SANCTI
733 409 957 467 AUGUSTINI
976 411 1076 468 VITA

247 567 362 649 Neque
380 568 467 632 enim
484 568 564 632 tales
582 566 670 633 ducti
688 567 881 634 auctoritate
899 567 1019 646 divina,
1039 570 1096 634 sed
1114 571 1257 637 humano
1275 571 1326 635 vel
1345 590 1395 636 er-

246 688 320 734 rore
340 669 466 751 decepti
485 667 537 733 vel
557 667 673 733 timore
693 680 770 734 sunt
789 668 898 734 vincti.

287 768 316 833 6.
340 769 408 834 Cur
431 770 518 834 enim
541 769 601 834 sibi
624 780 740 852 putant
763 770 988 835 indifferenter
1011 772 1300 853 obtemperandum
1324 793 1394 838 esse

245 881 426 953 praecepto,
442 871 496 934 ubi
511 871 622 952 legunt
637 872 671 937 in
686 871 851 936 civitatem
866 872 907 936 de
921 871 1051 936 civitate
1066 893 1139 938 esse
1154 872 1349 954 fugiendum
1358 875 1394 950 3¹²

201 982 217 1050 5
245 980 277 1036 et
294 971 531 1036 mercenarium
550 993 616 1036 non
636 972 822 1050 exhorrent,
843 973 898 1054 qui
917 971 1007 1038 videt
1025 973 1140 1056 lupum
1159 973 1348 1038 venientem'
1361 984 1395 1039 et

246 1072 342 1154 fugit,
356 1072 510 1153 quoniam
524 1093 589 1138 non
603 1083 652 1138 est
665 1072 695 1138 ei
709 1093 788 1138 cura
801 1073 842 1139 de
855 1072 971 1138 ovibus
979 1074 1020 1137 ?¹⁸
1056 1074 1124 1139 Cur
1137 1094 1203 1138 non
1218 1076 1296 1140 istas
1311 1076 1393 1140 duas

245 1173 423 1240 dominicas
444 1193 602 1255 verasque
624 1173 809 1251 sententias,
831 1195 932 1240 unam
953 1173 1074 1241 seilicet
1095 1175 1149 1240 ubi
1173 1174 1254 1258 fuga
1276 1174 1393 1240 sinitur

243 1285 301 1339 aut
317 1274 454 1351 iubetur,
471 1275 607 1339 alteram
624 1275 678 1340 ubi
695 1275 844 1357 arguitur
860 1286 957 1357 atque
974 1278 1132 1358 culpatur,
1150 1277 1197 1341 sic
1215 1275 1393 1357 intelligere

244 1374 384 1452 student,
404 1387 440 1441 ut
458 1377 543 1441 inter
561 1397 596 1441 se
616 1377 819 1457 reperiantur
836 1397 903 1441 non
922 1397 992 1441 esse
1011 1377 1203 1454 contrariae,
1224 1377 1308 1441 sicut
1326 1397 1394 1440 non

180 1489 219 1538 10
244 1477 342 1541 sunt?
386 1477 430 1540 Et
453 1478 515 1542 hoc
537 1477 700 1559 quomodo
725 1477 894 1558 reperitur,
918 1477 981 1541 nisi
1005 1477 1192 1542 attendatur
1215 1476 1304 1559 quod
1327 1477 1394 1543 iam

244 1578 393 1660 superius
415 1576 589 1660 disputavi,
611 1589 690 1643 tunc
711 1577 752 1643 de
773 1577 862 1654 locis,
886 1580 919 1642 in
941 1577 1057 1660 quibus
1080 1597 1203 1655 sumus,
1226 1588 1393 1661 premente

243 1680 466 1762 perseeutione
482 1679 677 1761 fugiendum
690 1699 761 1744 esse
777 1679 898 1744 Christi
913 1677 1080 1755 ministris,
1097 1679 1226 1760 quando
1243 1678 1286 1745 ibi
1302 1679 1392 1761 plebs

244 1779 365 1844 Christi
382 1800 447 1844 non
466 1779 575 1857 fuerit,
592 1780 645 1843 cui
660 1778 872 1856 ministretur,
889 1790 946 1844 aut
962 1790 1070 1862 potest
1085 1780 1220 1862 implere
1235 1800 1294 1861 per
1312 1779 1396 1844 alios'

242 1881 463 1946 necessarium
480 1880 706 1958 ministerium,
724 1881 841 1962 quibus
859 1881 974 1945 eadem
992 1901 1058 1944 non
1077 1892 1126 1946 est
1145 1900 1243 1944 eausa
1263 1880 1392 1962 fugien-

178 1985 215 2054 15
244 1982 293 2046 di:
318 1981 402 2046 sicut
425 1983 458 2046 in
482 1992 593 2064 sporta
616 1981 805 2058 submissus,
829 1980 917 2063 quod
940 2002 1039 2064 supra
1061 1981 1278 2058 memoravi,¹⁴
1305 1980 1392 2063 fugit

242 2081 430 2164 Apostolus,
455 2102 572 2146 cuma
595 2093 801 2164 persecutore
825 2082 895 2164 ipse
918 2081 1049 2163 proprie
1073 2091 1293 2162 quaereretur,
1319 2079 1391 2146 aliis

242 2184 354 2264 utique
382 2183 609 2248 necessitatem
637 2183 775 2250 similem
802 2203 869 2248 non
899 2182 1099 2260 habentibus,
1130 2205 1149 2247 a
1179 2182 1295 2263 quibus
1325 2181 1391 2247 illic

185 2352 191 2360 ἡ
241 2283 458 2348 ministerium
480 2283 563 2348 absit
586 2295 622 2349 ut
645 2281 847 2349 desereretur
869 2283 1020 2360 ecclesia3
1043 2283 1126 2348 sicut
1149 2283 1236 2365 fugit
1259 2293 1390 2348 sanctus

240 2384 470 2448 Athanasius²⁶
486 2383 731 2448 Alexandrinus
749 2385 930 2467 episcopus,
949 2402 1117 2448 cumeum
1134 2381 1315 2465 specialiter
1334 2403 1390 2464 ap·

175 2500 216 2548 20
241 2485 442 2567 prehendere
467 2485 706 2552 Constantius¹⁰
732 2496 941 2567 praeceperat
968 2485 1159 2568 Imperator,
1186 2504 1392 2567 nequaquam

241 2607 261 2650 a
277 2587 393 2651 ceteris
409 2587 567 2651 ministris
585 2585 714 2652 deserta
730 2587 821 2669 plebe
839 2586 1016 2663 Catholica,
1034 2604 1117 2667 quae
1136 2587 1170 2650 in
1188 2583 1390 2650 Alexandria

241 2688 472 2753 commanebat.
521 2687 606 2752 Cum
631 2698 741 2752 autem
766 2688 856 2770 plebs
883 2697 1002 2764 manet,
1030 2697 1063 2751 et
1087 2685 1228 2751 ministri
1258 2685 1390 2769 fugiunt

239 2788 519 2869 ministeriumque
542 2787 750 2866 subtrahitur,
772 2787 851 2870 quid
872 2787 934 2853 erit
955 2787 1018 2852 nisi
1038 2787 1314 2852 mercenariorum
1335 2787 1391 2850 illa

242 2887 323 2971 iuga
340 2889 540 2966 damnabilis,
558 2889 674 2971 quibus
690 2909 756 2954 non
774 2900 823 2954 est
840 2909 918 2955 cura
934 2887 975 2954 de
992 2887 1128 2952 ovibus?
1166 2887 1286 2954 Veniet
1302 2888 1390 2952 enim

173 3005 193 3051 2
198 3000 214 3067 5
240 2990 346 3070 lupus,
362 3011 427 3055 non
442 2989 550 3068 homo,
565 2989 624 3056 sed
639 2990 804 3067 diabolus;
820 2991 875 3072 qui
891 2989 1081 3072 plerumque
1095 2987 1207 3054 fideles
1224 2997 1389 3070 apostatas

201 3160 203 3165 .
240 3111 311 3155 esse
328 3091 499 3172 persuasit,
519 3090 635 3172 quibus
653 3089 880 3172 quotidianum
897 3079 1114 3155 ministerium
1133 3088 1298 3153 Dominici
1316 3109 1388 3153 cor·

277 3272 380 3330 rdoeti
393 3274 496 3330 BCDF
509 3274 580 3338 edd,
593 3274 686 3330 om.E
761 3271 857 3329 2victi
869 3272 999 3328 BCDEF
1012 3272 1066 3328 edd
1142 3288 1160 3339 4
1172 3280 1384 3338 praecepto...

240 3360 301 3399 esse
322 3361 376 3399 om.
395 3344 421 3397 E
489 3344 524 3400 de
543 3343 656 3400 civitate
676 3343 706 3398 in
725 3341 868 3399 civitatem
887 3342 913 3397 B
934 3342 1006 3408 edd,
1025 3343 1054 3397 iu
1075 3341 1216 3399 civitatem
1237 3343 1333 3408 legunt
1355 3312 1390 3396 de

241 3413 354 3468 civitate
372 3414 451 3479 cst·
444 3431 473 3469 m
488 3413 630 3470 civitatem
647 3416 743 3482 legunt
759 3431 821 3470 esse
836 3416 864 3470 D
950 3429 979 3469 11
997 3386 1072 3470 bunc
1088 3415 1115 3468 Α
1201 3430 1233 3469 12
1250 3413 1390 3481 ibil-l-aut

239 3482 343 3539 BCDF
368 3482 422 3538 edd
491 3500 522 3551 13
546 3481 732 3553 auth-etiam
758 3484 846 3541 fuerit
871 3493 900 3540 et
923 3483 979 3541 edd
1046 3483 1156 3551 impleri
1181 3482 1311 3539 BCDEF
1335 3483 1390 3538 edd

241 3555 404 3621 inproprie
425 3556 484 3621 ipse
503 3557 557 3610 edd
626 3571 684 3623 122,
707 3558 737 3612 18
757 3557 878 3613 Nam...
888 3557 934 3613 ,18
952 3556 1069 3613 ecclesia
1090 3575 1144 3613 om.
1165 3556 1189 3612 G
1256 3572 1291 3612 ao
1309 3573 1389 3622 prae·

239 3624 363 3695 ceperat]
386 3637 500 3694 cuperet
519 3628 674 3685 BCDEFG
694 3629 757 3684 edd.
