3268 4668
233 444 269 501 60
556 443 685 504 SANCT
687 446 701 502 1
720 445 944 503 AUGUSTINI
963 445 1062 503 VITA

233 612 414 667 notesceret
431 603 618 680 elaboravit,
636 615 668 669 et
684 602 821 686 publicis
837 602 938 685 gestis
955 603 1115 681 conventi,
1133 624 1199 669 non
1218 615 1293 670 sunt
1311 604 1382 670 ausi

234 703 395 768 conferre.

703 903 856 970 CAPUT
874 901 907 968 X

597 1053 901 1119 Circumcellionnm
920 1053 1017 1119 iuror

169 1211 185 1279 ς
276 1186 449 1252 Habebant
468 1186 568 1251 etiam
588 1185 687 1252 iidem
707 1186 898 1252 Donatistae
919 1208 977 1271 per
998 1207 1073 1252 suas
1095 1208 1177 1270 pene
1198 1209 1310 1254 omnes
1331 1207 1382 1254 ec·

233 1287 348 1352 clesias
375 1286 558 1352 inauditum
584 1287 754 1352 hominum
780 1308 882 1370 genus
910 1308 1100 1370 perversum
1127 1311 1165 1354 ac
1193 1289 1382 1368 violentum,

233 1388 322 1453 velut
346 1388 404 1452 sub
428 1386 634 1468 professione
658 1387 894 1454 continentium
917 1388 1129 1466 ambulantes,
1154 1390 1209 1472 qui
1235 1389 1382 1455 Circum-

232 1489 397 1554 celliones²
413 1488 610 1554 dicebantur.
648 1489 692 1553 Et
708 1500 800 1555 erant
815 1490 849 1553 in
865 1491 988 1572 ingenti
1003 1509 1140 1555 numero
1156 1502 1188 1557 et
1203 1491 1308 1556 turbis
1323 1512 1382 1574 per

232 1609 345 1656 onmes
369 1589 440 1655 lere
462 1589 641 1655 Africanas
665 1591 812 1672 regiones
836 1590 1014 1657 constituti.
1059 1590 1126 1673 Qui
1149 1591 1243 1657 malis
1267 1591 1382 1656 imbuti

169 1711 207 1761 10
233 1689 419 1756 doctoribus
438 1689 576 1755 audacia
595 1692 733 1772 superba
752 1701 785 1755 et
802 1691 985 1757 temeritate
1004 1692 1124 1769 illicita,
1145 1713 1205 1757 nec
1224 1693 1302 1770 suis,
1321 1712 1383 1756 nec

231 1791 345 1856 alienis
365 1791 539 1872 aliquando
557 1792 740 1873 parcebant,
761 1801 874 1857 contra
894 1791 945 1856 ius
966 1792 1083 1873 fasque
1103 1793 1136 1856 in
1156 1792 1263 1858 causis
1283 1793 1382 1857 inter-

231 1889 382 1957 cedentes
403 1892 603 1957 hominibus:
626 1903 658 1956 et
677 1891 740 1956 nisi
762 1892 955 1969 obedissent,
978 1891 1105 1958 damnis
1127 1893 1327 1976 gravissimis
1349 1904 1382 1959 et

232 1991 384 2057 caedibus
413 1992 644 2069 afficiebantur,
674 1992 791 2058 armati
822 1993 959 2058 diversis
988 1993 1071 2071 telis,
1101 1993 1293 2059 bacchantes
1324 2014 1381 2076 per

232 2112 329 2174 agros
353 2092 511 2174 villasque
534 2113 636 2174 usque
660 2092 704 2158 ad
728 2093 893 2174 sanguinis
919 2092 1114 2160 effusionem
1137 2094 1290 2159 accedere
1315 2116 1381 2160 non

168 2209 205 2276 ις
231 2203 421 2258 metuentes.
460 2193 525 2258 Sed
540 2192 618 2258 dum
633 2194 769 2258 verbum
783 2195 845 2258 Dei
862 2193 974 2259 sedulo
990 2195 1242 2276 praedicaretur,
1259 2208 1383 2261 etcum

231 2293 282 2358 his
307 2293 362 2374 qui
387 2292 523 2359 oderant
547 2315 669 2377 pacem,
694 2297 783 2376 pacis
808 2295 891 2360 ratio
916 2295 1099 2376 haberetur,
1125 2296 1171 2360 illi
1196 2297 1382 2377 loquentem

233 2394 434 2460 debellabant
459 2394 571 2476 gratis.
620 2394 663 2460 Et
690 2415 764 2459 curn
790 2395 947 2460 adversus
973 2416 1088 2461 eorum
1115 2397 1232 2478 dogma
1261 2396 1381 2461 veritas

232 2494 456 2571 innotesceret,
475 2495 530 2576 qui
549 2495 700 2560 volebant
719 2507 751 2562 et
768 2506 930 2577 poterant,
949 2517 1019 2562 sese
1038 2496 1113 2561 inde
1131 2496 1183 2561 vel
1204 2497 1382 2577 eripiebant

231 2595 283 2660 vel
302 2594 532 2672 subducebant,
552 2607 584 2660 et
602 2595 674 2676 paci
693 2607 789 2676 atque
809 2596 925 2661 unitati
946 2596 1110 2661 Ecclesiae
1129 2617 1203 2662 cum
1223 2597 1291 2663 suis
1311 2597 1381 2679 qui,-

166 2712 207 2761 20
231 2696 291 2760 bus
308 2706 459 2779 poterant
475 2696 698 2762 cohaerebant.
737 2696 836 2762 Unde
854 2697 900 2761 illi
919 2698 968 2762 sni
987 2697 1108 2762 erroris
1125 2697 1229 2762 minui
1247 2718 1382 2781 congre-

231 2797 378 2878 gationes
403 2795 560 2878 videntes,
587 2808 684 2878 atque
711 2797 892 2879 augmentis
919 2798 1085 2864 Ecclesiae
1110 2797 1302 2874 invidentes,
1329 2819 1381 2863 ac-

232 2897 319 2962 censi
346 2895 600 2963 exardescebant
626 2897 676 2962 ira
700 2898 902 2978 gravissima,
929 2909 962 2964 et
989 2897 1206 2963 intolerabiles
1232 2918 1381 2981 persecu·

231 2997 336 3063 tiones
350 2998 468 3064 unitati
481 2998 645 3064 Ecclesiae
660 2999 835 3080 compactis
852 2998 1030 3064 iaciebant:
1046 2998 1190 3081 ipsisque
1205 2997 1381 3065 Catholicis

232 3097 453 3164 sacerdotibus
469 3112 501 3164 et
517 3097 674 3164 ministris
690 3101 914 3181 aggressiones
930 3099 1065 3165 diurnas
1081 3109 1178 3181 atque
1195 3110 1380 3177 nocturnae,

166 3211 184 3258 2
189 3207 205 3274 5
232 3197 493 3280 direptionesque
510 3219 620 3264 rerum
635 3200 782 3265 omnium
796 3201 990 3265 inferebant.
1030 3200 1120 3265 Nam
1133 3210 1166 3265 et
1181 3197 1301 3265 multos
1318 3198 1382 3264 Dei

265 3347 471 3412 7circelliones
486 3349 567 3416 ΑΒΘ
634 3365 739 3416 9pene
755 3349 887 3405 CDEFK
904 3351 966 3405 edd.
1001 3347 1157 3417 Qexhtbet
1174 3349 1236 3406 iere
1306 3364 1335 3404 11
1352 3347 1383 3402 in

232 3420 324 3476 causis
349 3420 547 3478 interdicentes
573 3421 640 3488 Sat,
664 3421 784 3477 incautis
810 3421 1008 3478 interdicentes
1033 3422 1102 3479 Ben.
1129 3419 1174 3476 Mi
1244 3436 1273 3487 13
1298 3419 1384 3476 affici-

233 3493 316 3550 ebant
333 3494 402 3548 Ben.
420 3493 466 3548 Mi
535 3495 566 3550 16
582 3495 729 3560 loquentes
747 3493 910 3548 CDEFHK
980 3506 1011 3558 17
1029 3505 1057 3550 et
1074 3509 1158 3559 quarn
1175 3493 1213 3558 A,
1231 3504 1259 3551 et
1276 3509 1332 3558 qua
1349 3493 1383 3557 B,

231 3582 350 3632 cumque
365 3564 420 3620 edd
489 3580 520 3632 19
534 3566 648 3633 unitati]
667 3566 858 3622 BCDEFHK
873 3565 944 3631 edd,
958 3583 1015 3631 pax
1031 3565 1173 3621 Ecclesiae
1189 3573 1273 3631 atque
1287 3563 1382 3620 unitas

231 3639 316 3707 paolo
330 3645 396 3706 post
411 3638 508 3694 scribit
521 3637 672 3694 Possidius
685 3637 716 3693 in
730 3637 852 3704 capituto
867 3637 1026 3705 undecimo,
1042 3635 1156 3692 sanitati
1171 3635 1198 3692 A
1264 3651 1299 3692 20
1315 3651 1382 3716 con·

231 3707 410 3774 gregationes
430 3707 520 3764 minui
540 3707 594 3763 edd
661 3723 694 3774 23
715 3707 852 3772 compacti
871 3708 895 3761 B
916 3706 989 3774 edd,
1008 3723 1072 3761 curn
1092 3705 1227 3772 pactisC
1295 3704 1382 3760 iacie-

231 3779 313 3848 bant]
342 3779 490 3848 incipieG
565 3777 1113 3847 56,17Quod....iaciebantonul
1187 3775 1381 3833 sacerdotibus

232 3849 377 3907 catholicis
393 3849 418 3906 G
433 3848 504 3916 edd,
520 3849 601 3906 iustis
615 3849 815 3914 catholicisque
831 3847 1022 3904 sacerdotibus
1038 3847 1072 3902 H
