3264 4658
213 449 262 505 118
532 449 678 506 SANCTI
697 447 920 506 AUGUSTINI
940 447 1039 504 VITA

211 627 311 672 sanus
327 627 398 673 esse
413 617 532 689 posset,
551 606 764 690 respondisse,
782 607 809 674 si
827 607 949 689 aliquid
964 608 999 672 iu
1015 608 1066 672 his
1083 617 1203 690 posset,
1220 607 1281 673 sibi
1299 608 1360 672 hoc

212 709 324 790 utique
336 709 486 790 primitus
499 708 729 792 praestitisset:
742 719 774 774 et
787 709 879 773 illum
890 707 1013 774 dixisse
1026 708 1193 773 visitatum
1207 729 1242 774 se
1256 707 1360 774 fuisse

212 809 337 889 sibique
362 830 421 890 per
448 810 611 874 somnium
639 809 761 875 dictum
787 829 876 875 esse:
925 808 1041 875 “Vade
1068 812 1111 876 ad
1137 810 1361 892 Augustinum

212 911 408 995 episcopum,
431 922 467 976 ut
486 911 593 976 eidem
612 931 745 976 manum
766 913 921 992 imponat,
942 922 975 976 et
996 912 1106 976 salvus
1127 911 1218 977 erit.’'
1261 911 1362 995 Quod

168 1026 184 1096 5
213 1012 292 1076 dum
312 1011 532 1094 comperisset,
555 1012 665 1077 facere
686 1031 752 1076 non
773 1011 908 1091 distulit,
930 1023 963 1078 et
984 1012 1077 1077 illum
1098 1011 1264 1078 infirmum
1286 1034 1360 1079 con-

212 1113 306 1177 tinuo
327 1113 488 1178 Dominus
511 1134 626 1179 sanum
649 1115 688 1180 ab
711 1112 824 1179 eodem
848 1111 1014 1178 discedere
1038 1113 1125 1178 iecit.

647 1319 802 1386 CAPUT
819 1319 920 1383 XXX

213 1467 394 1534 Consilium
424 1489 466 1533 an
497 1469 643 1534 hostibus
674 1470 923 1536 adventantibus
952 1491 994 1536 ex
1026 1471 1169 1537 ecelesiis
1201 1472 1360 1556 episcopis

646 1572 863 1637 recedendum
882 1572 925 1638 sit

148 1723 187 1774 10
255 1704 385 1770 Interea
404 1703 605 1770 reticendum
623 1704 756 1771 minime
775 1716 834 1783 est,
854 1725 929 1770 cum
946 1708 1118 1772 memorati
1138 1706 1361 1788 impenderent

213 1804 333 1883 hostes,
356 1826 375 1870 a
398 1817 511 1871 sancto
532 1805 604 1870 viro
627 1816 742 1873 nostro
763 1807 953 1889 coepiscopo
976 1807 1183 1873 Thisbensis²
1207 1808 1362 1873 ecclesiae

213 1906 410 1983 Ηοιιοτειῐο,2
425 1906 539 1972 litteris
555 1906 658 1972 fuisse
673 1907 865 1984 consultum,
879 1918 1068 1973 utrumnam
1080 1907 1144 1974 illis
1159 1907 1362 1987 adventanti-

211 2006 273 2071 bus
291 2027 333 2071 ex
351 2007 493 2073 ecclesiis
511 2007 670 2091 episcopis
689 2009 740 2073 vel
757 2009 883 2074 clericis
902 2008 1119 2074 recedendum
1137 2021 1230 2087 esset,
1250 2030 1360 2075 necne.

213 2107 318 2189 Eique
334 2107 499 2191 rescriptis
516 2109 697 2175 insinuasse
713 2109 791 2191 quid
806 2111 910 2192 magis
925 2111 965 2176 ab
980 2109 1045 2174 illis
1061 2110 1254 2175 Romaniae⁸
1271 2128 1362 2175 ever-

149 2226 186 2294 ις
214 2209 355 2274 soribus⁴
375 2220 460 2274 esset
479 2211 697 2275 metuendum.
741 2210 851 2291 Quam
870 2210 939 2275 eius
961 2210 1132 2291 epistolam
1151 2211 1227 2276 huic
1248 2211 1362 2292 script·

214 2329 293 2373 urae
316 2309 416 2375 inseri
441 2309 539 2388 volui,
563 2322 614 2376 est
639 2312 727 2377 enim
751 2311 957 2378 sacerdotum
982 2311 1054 2389 Dei,
1080 2322 1113 2377 et
1138 2311 1362 2376 ministrorum

212 2410 357 2476 moribus
375 2410 470 2476 valde
487 2411 575 2476 utilis
593 2422 626 2476 et
642 2413 836 2477 necessaria.

214 2561 357 2626 “Sancto
376 2560 474 2626 tratri
491 2574 524 2628 et
541 2562 731 2644 coepiscopo
751 2562 925 2627 Honorato
942 2561 1147 2643 Augustinus
1167 2563 1200 2626 in
1220 2563 1363 2629 Domino

718 2665 856 2729 salutem

148 2800 190 2849 20
259 2799 285 2844 1.
309 2779 445 2846 Caritati
460 2791 535 2846 tuae
550 2780 649 2846 misso
664 2781 813 2864 exemplo
828 2779 1006 2862 epistolae,l
1021 2800 1120 2862 quam
1136 2779 1233 2845 fratri
1249 2778 1363 2862 Quod-

215 2880 360 2948 vultdeo⁸
390 2893 503 2947 nostro
532 2881 723 2965 coepiscopo
754 2869 885 2964 scripsi,¹
907 2881 1062 2962 putabam
1090 2899 1142 2945 me
1171 2879 1235 2946 hoc
1265 2898 1363 2945 onere

215 2982 368 3060 caruisse,
392 2983 480 3064 quod
501 2982 582 3048 mihi
606 2981 798 3063 imposuisti,
823 2981 1008 3064 quaerendo
1030 2980 1203 3046 consilium
1226 2979 1304 3063 quid
1329 2982 1362 3046 in

214 3082 265 3149 his
283 3083 444 3164 periculis,
463 3103 546 3165 quae
563 3094 710 3166 tempora
727 3093 841 3148 nostra
858 3084 1060 3160 invenerunt,
1082 3082 1191 3147 facere
1210 3079 1362 3147 debeatis.

216 3183 375 3264 Quamvis
400 3184 487 3249 enim
511 3184 682 3266 epistolam
706 3183 795 3248 illam
818 3183 960 3249 breviter
985 3181 1179 3266 scripserim,
1205 3180 1286 3246 nihil
1310 3201 1365 3246 me

149 3298 189 3365 25
215 3295 324 3349 tamen
345 3285 602 3366 praetermisisse
623 3285 773 3362 arbitror,
796 3283 885 3367 quod
905 3295 937 3350 et
959 3282 1167 3366 respondenti
1191 3282 1308 3360 dicere,
1331 3291 1364 3347 et

252 3484 264 3524 1
284 3485 403 3534 eumque
422 3468 601 3536 respondisse
619 3469 772 3528 CDEFHJ
790 3468 845 3524 edd
911 3483 929 3523 2
948 3466 1018 3523 illud
1035 3467 1063 3522 A
1135 3481 1166 3523 ιο
1185 3465 1359 3522 Interea...

218 3555 278 3608 140,
292 3539 310 3593 6
326 3539 491 3594 deiecerunt
508 3558 561 3596 om.
577 3541 604 3596 J.
638 3538 877 3606 Interea....14o,
895 3553 924 3593 11
942 3535 1129 3603 quadraginta
1145 3555 1200 3593 ons
1215 3537 1248 3592 H
1333 3549 1363 3590 11

215 3610 439 3677 viruit-quoque
460 3609 514 3664 edd
583 3624 614 3676 13
634 3626 672 3664 ex
692 3624 747 3664 om.
766 3607 821 3663 AG
890 3622 923 3674 14
942 3608 1067 3664 inserere
1087 3606 1190 3664 CDFG
1210 3606 1265 3662 edd
1334 3617 1365 3671 17

215 3681 481 3748 necessaria1÷isto
500 3682 585 3738 modo
607 3681 773 3748 rescriptum
794 3690 837 3737 est
856 3680 893 3736 ad
912 3679 1033 3735 eundem
1053 3680 1088 3736 ab
1110 3677 1208 3735 eodem
1228 3677 1283 3733 DF
1303 3677 1365 3733 edd.

222 3757 292 3823 (hoc
305 3753 391 3812 modo
407 3755 446 3823 C)
531 3755 563 3811 18
576 3753 691 3820 patriA
757 3753 788 3808 in
802 3751 919 3809 domino
934 3769 990 3808 om.
1004 3751 1058 3807 AB
