3268 4668
222 384 256 440 62
544 385 689 442 SANCTI
708 384 932 442 AUGUSTINI
951 385 1050 442 VITA

222 563 333 608 servos
357 543 508 608 caedibus
531 543 789 609 debilitaverunt.
834 543 1012 624 Aliquibus
1029 541 1128 607 etiarn
1151 543 1273 608 calcem
1295 563 1371 607 cum

222 655 313 710 aceto
337 644 371 707 in
394 644 505 710 oculos
527 645 711 721 miserunt,²
736 644 880 725 aliosque
905 643 1102 709 occiderunt.
1148 643 1246 708 Unde
1272 643 1369 708 etiarn

222 745 289 810 suis
310 743 409 810 iidem
429 744 622 822 Donatistae
643 744 894 826 rebaptizatores
916 745 950 809 in
971 744 1083 809 odium
1104 744 1284 809 veniebant.

683 944 837 1012 CAPUT
853 945 904 1010 XI

178 1104 194 1171 5
458 1096 633 1163 Profectus
651 1096 815 1162 Ecclesiae
832 1117 890 1179 per
906 1062 1130 1178 Augustinum

264 1230 458 1297 Proficiente
476 1251 575 1313 porro
595 1229 742 1296 doctrina
762 1230 881 1308 divina,
901 1231 960 1296 sub
979 1242 1092 1296 sancto
1111 1242 1144 1296 et
1163 1250 1238 1296 cum
1257 1243 1368 1297 sancto

220 1331 406 1414 Augustino
425 1332 460 1395 in
476 1332 674 1398 monasterio
693 1333 766 1397 Deo
784 1331 971 1408 servientes,
991 1331 1142 1398 ecclesiae
1162 1332 1368 1414 Hipponensi

221 1432 329 1497 clerici
351 1432 495 1498 ordinari
515 1442 700 1514 coeperunt.
744 1433 795 1496 Ac
816 1431 933 1498 deinde
954 1433 1174 1498 innotescente
1196 1445 1228 1499 et
1251 1433 1368 1498 clares·

167 1526 175 1554 ‘
220 1543 312 1598 cente
332 1531 373 1598 de
392 1532 445 1597 die
464 1532 498 1597 in
517 1531 604 1597 diem
624 1532 787 1598 Ecclesiae
808 1531 993 1598 Catholicae
1013 1532 1263 1614 praedicationis
1282 1534 1368 1599 veri-

158 1648 196 1698 10
219 1644 296 1710 tate,
328 1645 578 1715 sanctorumque
608 1653 778 1698 servorum
807 1635 869 1698 Dei
899 1634 1076 1717 proposito,
1107 1635 1304 1710 continentia
1335 1646 1367 1700 et

220 1745 410 1816 paupertate
430 1734 606 1816 profunda,
628 1756 671 1799 ex
691 1735 888 1800 monasterio
908 1735 997 1815 quod
1017 1756 1075 1818 per
1096 1734 1187 1799 illum
1207 1750 1367 1801 memora-

219 1834 316 1899 bilem
331 1834 440 1899 virum
456 1846 488 1900 et
504 1855 575 1899 esse
592 1845 624 1900 et
640 1854 784 1900 crescere
801 1845 960 1918 coeperat,
977 1855 1097 1917 magno
1115 1835 1275 1900 desiderio
1292 1856 1367 1918 pos-

220 1955 292 2000 cere
313 1946 410 2016 atque
431 1935 576 2017 accipere
598 1935 765 2017 episcopos
787 1946 819 2001 et
841 1936 973 2000 clericos
995 1957 1062 2018 pax
1083 1937 1248 2002 Ecclesiae
1270 1947 1367 2019 atque
1403 1996 1404 1999 ,

219 2035 332 2100 unitas.
348 2046 380 2100 et
401 2035 508 2118 coepit
527 2035 642 2116 primo,
664 2047 697 2100 et
718 2046 832 2118 postea
853 2048 1027 2102 consecuta
1048 2048 1105 2102 est.
1152 2037 1239 2101 Nam
1262 2037 1366 2102 ferme
1413 2045 1419 2061 ⁶

157 2147 192 2214 15
220 2138 343 2202 decem²
362 2147 455 2201 erant
471 2156 552 2217 quos
570 2137 639 2217 ipse
655 2137 747 2201 nobis
766 2147 894 2202 sanctos
911 2158 950 2201 ac
967 2136 1165 2202 venerabiles
1183 2139 1272 2202 viros
1291 2159 1367 2202 con-

219 2235 358 2301 tinentes
384 2246 417 2301 et
445 2237 557 2302 doctos
583 2236 788 2302 beatissimus
816 2236 1020 2320 Augustinus
1047 2236 1186 2303 diversis
1214 2237 1366 2315 ecclesiis,

219 2335 382 2401 nonnullis
403 2357 532 2418 quoque
553 2337 827 2415 eminentioribus,
850 2349 982 2421 rogatus
1004 2336 1103 2404 dedit.
1148 2337 1366 2418 Similiterque
1431 2363 1432 2366 ¹

219 2447 251 2502 et
270 2437 331 2519 ipsi
349 2458 392 2501 ex
409 2438 464 2501 illo
483 2449 670 2502 sanctorum
688 2439 855 2520 proposito
874 2438 1050 2516 venientes,
1069 2438 1203 2504 Domini
1222 2438 1366 2503 ecclesiis

217 2537 414 2620 propagatis,
431 2549 463 2614 et
477 2539 675 2603 monasteria
690 2539 909 2616 instituerunt,
926 2551 958 2604 et
975 2538 1082 2606 studio
1098 2549 1262 2605 crescente
1278 2537 1365 2604 aedi-

152 2648 194 2697 20
217 2638 378 2704 ficationis
399 2638 488 2703 verbi
509 2640 581 2716 Dei,
602 2639 718 2704 ceteris
737 2639 880 2704 ecclesiis
901 2650 1067 2723 promotos
1090 2639 1211 2705 fratres
1232 2639 1275 2705 ad
1296 2660 1366 2704 sus-

218 2740 403 2821 cipiendum
423 2738 641 2804 sacerdotium
659 2740 900 2821 praestiterunt.
942 2740 1040 2806 Unde
1062 2761 1120 2822 per
1139 2739 1259 2805 multos
1279 2752 1311 2805 et
1332 2739 1366 2804 in

217 2839 328 2904 multis
355 2840 492 2906 salubris
518 2839 605 2916 fidei,
632 2839 700 2921 spei
726 2851 758 2906 et
785 2839 928 2905 caritatis
954 2840 1120 2906 Ecclesiae
1146 2840 1365 2906 innotescente

119 3012 121 3017 s
218 2941 374 3018 doctrina,
389 2961 456 3006 non
472 2941 579 3006 solum
593 2961 651 3022 per
667 2962 780 3006 omnes
797 2940 934 3006 Africae
949 2951 1068 3022 partes
1085 2961 1200 3006 verum
1216 2941 1315 3006 etiam
1331 2941 1364 3004 in

218 3040 453 3119 transmarinis,
482 3051 514 3106 et
541 3042 640 3108 libros
669 3042 773 3120 editos
803 3052 900 3123 atque
929 3043 963 3105 in
992 3041 1155 3108 Graecum
1183 3061 1367 3106 sennonem

152 3144 190 3211 ²5
218 3141 416 3216 translatos,²
429 3143 469 3207 ab
483 3142 538 3207 illo
552 3163 618 3208 uno
632 3141 761 3206 homine
776 3153 807 3208 et
821 3163 880 3225 per
894 3141 986 3208 illum
998 3141 1119 3219 multis,
1136 3142 1268 3208 favente
1283 3142 1364 3219 Deo,

249 3339 462 3407 bproficientes
479 3341 538 3398 BH
604 3339 872 3409 7servientesl-l-et
889 3342 947 3398 BH
1013 3341 1166 3410 9ecclesia
1184 3343 1364 3400 catholicaP

219 3428 251 3469 ro
268 3409 456 3467 continentiae
474 3411 557 3476 CFG,
574 3411 735 3467 continente
752 3419 947 3478 paupertatem
964 3411 1138 3480 profundam
1156 3415 1182 3469 P
1234 3429 1283 3469 .12
1301 3430 1365 3468 coe-

217 3481 291 3550 perit
308 3482 335 3536 A
407 3497 439 3548 14
456 3479 653 3546 consequenda
671 3491 715 3538 est
732 3480 759 3537 A
832 3495 862 3548 15
880 3489 963 3538 erant
981 3500 1035 3538 om.
1055 3483 1290 3539 BCDEFGHJK
1309 3483 1365 3540 edd

217 3550 301 3619 quos]
324 3549 470 3618 episcopos
490 3551 560 3607 CD*
627 3550 723 3618 nobis]
745 3551 813 3608 novi
832 3551 945 3608 BGHK
963 3552 1035 3618 edd,
1053 3569 1145 3608 novus
1170 3553 1219 3620 (i)
1245 3569 1316 3610 erun
1334 3554 1363 3609 D

218 3621 250 3677 16
263 3619 441 3677 doctissimos
457 3621 560 3679 CDEF
575 3621 630 3678 edd
691 3622 790 3676 beatus
807 3621 883 3678 CDF
897 3621 953 3678 edd
1017 3622 1365 3690 continentes....augus-

216 3691 293 3748 tinus
308 3709 362 3747 om
377 3690 439 3746 HK
504 3689 535 3744 18
549 3689 664 3745 illorum
679 3690 812 3746 CDEFK
826 3692 896 3748 Beer.
910 3691 963 3747 Mt
980 3691 1007 3758 Q
1023 3693 1137 3748 exbibet
1150 3692 1201 3748 illo
1265 3708 1300 3760 24
1314 3709 1365 3759 per

215 3761 302 3817 libros
323 3759 378 3815 edd
443 3772 476 3827 25
495 3758 601 3832 multos
619 3759 770 3826 BDGHK,
788 3779 807 3817 a
825 3761 921 3816 multis
942 3759 991 3817 CF
