3264 4658
240 408 289 461 114
560 395 705 452 SANCTI
725 396 948 453 AUGUSTINI
967 397 1066 454 VITA

253 554 315 618 mis
333 553 413 618 locis
431 553 557 635 ignibus
575 567 789 631 concremata,
809 555 975 622 sollemnia
993 577 1076 639 quae
1094 558 1166 624 Deo
1183 557 1342 626 debentur
1360 560 1401 626 de

253 655 394 736 propriis
415 653 494 720 locis
517 654 640 720 desisse
661 653 828 735 sacrificia,
850 667 883 722 et
905 668 1107 722 sacramenta
1129 659 1240 724 divina
1262 663 1313 726 vel
1335 682 1402 727 non

254 755 376 836 quaeri,
399 755 450 819 vel
474 757 641 836 quaerenti
664 758 720 837 qui
743 758 851 822 tradat
875 778 940 823 non
965 758 1064 824 facile
1087 760 1239 842 reperiri:
1265 763 1298 825 in
1322 762 1401 844 ipsis

251 854 413 919 montium
437 855 537 933 silvis,
561 857 707 922 cavernis
732 868 899 938 petrarum
922 869 955 934 et
980 859 1140 941 speluncis
1164 861 1401 944 confugientes,

211 970 226 1038 5
252 957 304 1020 vel
318 957 361 1021 ad
376 976 520 1038 quasque
534 958 741 1034 munitiones,
758 960 838 1024 alios
856 960 961 1025 fuisse
975 971 1179 1043 expugnatos
1195 973 1228 1027 et
1244 961 1401 1044 intercep

252 1068 314 1134 tos,
332 1057 412 1122 alios
431 1057 476 1123 ita
494 1059 684 1124 necessariis
704 1061 944 1126 sustentaculis⁸
963 1062 1110 1126 evolutos
1130 1072 1227 1144 atque
1245 1063 1400 1146 privatos,

252 1169 289 1223 ut
314 1158 403 1224 farne
426 1160 706 1226 contabescerent:
731 1161 883 1244 ipsosque
908 1161 1118 1228 ecclesiarum
1141 1163 1343 1246 praepositos
1369 1176 1401 1230 et

252 1260 396 1337 clericos,
419 1261 474 1342 qui
498 1261 586 1326 forte
608 1262 671 1326 Dei
692 1260 849 1327 beneficio
871 1263 922 1328 vel
945 1283 1000 1328 eos
1021 1283 1089 1328 uon
1110 1265 1325 1344 incurrerunt,
1349 1266 1401 1330 vel

252 1360 454 1426 incurrentes
475 1373 657 1439 evaserunt,
680 1363 774 1428 rebus
795 1362 944 1428 omnibus
967 1364 1121 1445 spoliatos
1143 1373 1240 1446 atque
1261 1364 1400 1431 nudatos

190 1472 228 1520 10
252 1463 476 1544 egentissimos
494 1462 688 1541 mendicare,
705 1484 765 1528 nec
782 1464 828 1529 eis
846 1465 995 1530 omnibus
1014 1466 1056 1531 ad
1072 1465 1183 1532 omnia
1200 1466 1315 1548 quibus
1336 1466 1401 1530 ful·

252 1562 359 1628 ciendi
373 1573 481 1628 essent
494 1564 659 1629 subveniri
672 1584 784 1646 posse:
800 1565 858 1630 vix
872 1577 938 1630 tres
954 1566 1143 1648 superstites
1159 1588 1201 1632 ex
1217 1569 1401 1632 innumera·

253 1663 370 1730 bilibus
400 1664 555 1742 ecdesiis,
584 1666 647 1730 hoc
676 1676 726 1731 est
757 1665 1056 1748 Carthaginensem,
1086 1666 1335 1749 Hipponensem
1366 1677 1399 1732 et

253 1760 443 1842 Cirtensem,
462 1786 544 1847 quae
562 1767 625 1831 Dei
641 1765 797 1831 beneficio
814 1767 942 1832 excisae
959 1788 1026 1832 non
1044 1778 1129 1843 sunt,
1148 1778 1180 1832 et
1197 1787 1309 1832 earum
1327 1788 1399 1850 per-

250 1878 383 1931 manent
406 1867 562 1943 civitates,
585 1878 618 1932 et
640 1867 751 1932 divino
774 1879 807 1932 et
828 1869 971 1933 humano
996 1868 1099 1933 fultae
1121 1867 1302 1951 praesidio;
1324 1868 1400 1933 licet

189 1975 225 2042 15
250 1976 326 2049 post
346 1969 415 2034 eius
437 1967 562 2033 obitum
582 1969 658 2033 urbs
681 1968 903 2051 Hipponensis
925 1968 1038 2034 incolis
1062 1968 1215 2034 destituta
1236 1969 1277 2034 ab
1299 1968 1399 2034 hosti·

250 2068 311 2134 bus
331 2069 431 2134 fuerit
448 2071 674 2135 concremata.⁰
713 2069 758 2134 Et
774 2091 809 2135 se
826 2069 911 2134 inter
927 2071 1007 2134 haec
1022 2069 1110 2134 mala·
1127 2068 1297 2134 cuiusdam
1314 2069 1399 2150 sapi-

251 2170 362 2234 entis¹⁰
389 2170 549 2235 sententia
576 2170 812 2247 consolabatur,
840 2169 995 2235 dicentis:
1044 2169 1144 2236 “Non
1171 2171 1234 2236 erit
1261 2190 1398 2253 magnus

250 2289 405 2354 magnum
428 2281 546 2354 putans
571 2270 660 2355 quod
684 2272 803 2337 cadunt
828 2271 916 2355 ligna
941 2282 974 2336 et
998 2270 1130 2353 lapides,
1156 2281 1189 2336 et
1212 2270 1399 2335 moriuntur

249 2372 435 2437 mortales.'’

184 2484 228 2533 20
293 2473 385 2538 Haec
404 2493 482 2555 ergo
502 2473 611 2539 omnia
630 2473 692 2550 ille,
711 2483 748 2538 ut
766 2485 836 2538 erat
855 2473 919 2538 alte
939 2473 1076 2553 sapiens,
1096 2472 1240 2553 quotidie
1260 2471 1400 2538 ubertim

250 2573 430 2656 plangebat.
467 2574 684 2656 Accrevitque
699 2573 900 2639 maeroribus
917 2586 950 2639 et
966 2572 1248 2638 lamentationibus
1265 2572 1344 2650 eius,
1362 2583 1400 2637 ut

250 2675 349 2740 etiam
368 2673 475 2740 adhuc
496 2675 529 2739 in
549 2696 609 2740 suo
629 2686 717 2740 statu
737 2676 966 2741 consistentem
986 2673 1029 2739 ad
1050 2674 1187 2738 eandem
1207 2673 1398 2755 Hipponen-

250 2776 516 2858 sium-regiorum
530 2777 694 2842 civitatem
709 2777 748 2842 ab
765 2774 891 2841 hisdem
906 2775 1052 2841 hostibus
1068 2774 1233 2838 veniretur
1249 2773 1398 2839 obsiden-

249 2876 342 2942 dam:
362 2877 517 2958 quoniam
535 2878 569 2941 in
588 2877 658 2942 eius
677 2888 747 2942 erat
766 2888 844 2943 tunc
863 2874 1055 2942 defensione
1075 2874 1269 2940 constitutus
1290 2894 1397 2938 comes

184 2980 223 3048 25
249 2979 415 3059 quondam
435 2978 654 3044 Bonifacius¹1
674 2999 750 3044 cum
770 2978 953 3044 Gothorum
975 2976 1221 3041 foederatorum
1241 2974 1397 3051 exercitu,

249 3098 348 3160 quam
370 3079 484 3145 urbem
509 3078 615 3145 ferme
639 3077 884 3161 quatuordecim
907 3077 1071 3144 mensibus
1097 3075 1282 3141 conclusam
1306 3076 1396 3141 obse

242 3178 385 3258 derunt:
411 3192 544 3245 namet
568 3179 644 3245 litus
671 3180 716 3244 illi
741 3179 903 3244 marinum
929 3176 1158 3242 interclusione
1185 3176 1397 3241 abstulerunt.

249 3280 326 3362 Quo
341 3281 440 3346 etiam
454 3282 516 3362 ipsi
532 3300 592 3346 nos
609 3282 649 3346 de
665 3280 772 3347 vicino
789 3301 864 3345 curn
878 3279 950 3346 aliis
966 3277 1087 3343 nostris
1103 3276 1304 3358 coepiscopis
1320 3295 1396 3341 con·

286 3478 298 3517 1
314 3464 349 3520 de
365 3482 419 3520 one
433 3465 458 3520 A
537 3466 637 3521 alueis
651 3467 677 3520 A
758 3464 870 3520 dedisse
883 3464 920 3529 Α,
936 3461 1094 3520 deseruisse
1110 3462 1142 3529 C,
1156 3459 1263 3527 perisse
1276 3461 1318 3525 H,
1333 3459 1396 3514 des-

249 3533 334 3589 ivisse
352 3535 406 3589 edd
474 3545 502 3590 et
518 3554 571 3590 om.
589 3535 676 3600 BDF,
692 3535 737 3591 vel
754 3535 788 3600 E,
803 3553 838 3589 ac
855 3533 910 3589 edd
976 3549 992 3599 3
1010 3529 1238 3598 ipsas..,..silvas
1257 3539 1286 3586 et
1301 3545 1398 3585 caver-

249 3621 313 3661 nas.
323 3646 330 3660 .
340 3645 347 3658 .
357 3605 515 3670 speluncas
531 3607 594 3664 edd.
627 3608 652 3674 Q
670 3607 784 3663 exhibet
799 3604 878 3661 silvis
895 3615 922 3662 et
939 3613 998 3669 cet,
1014 3603 1196 3669 cavernisque
1213 3602 1271 3667 BC,
1287 3608 1315 3657 et
1330 3618 1396 3656 eav-

249 3674 325 3729 ernis
340 3675 426 3731 DFH
506 3687 520 3740 5
536 3675 703 3731 interfectos
720 3675 828 3732 CDFH
844 3675 915 3739 edd,
929 3673 1114 3737 interemptos
1130 3673 1156 3726 Ε
1235 3672 1253 3728 6
1269 3670 1395 3726 evolatos

247 3744 274 3799 A
340 3743 451 3810 7fama
463 3743 733 3799 contubescerentA
799 3743 1009 3799 8incurrerant
1023 3749 1052 3799 et
1065 3748 1215 3798 evaserant
1230 3739 1325 3797 CD*E
1341 3738 1396 3796 edd

247 3828 265 3880 9
280 3812 453 3880 exspoliatos
467 3813 578 3869 BEGH
592 3813 647 3870 edd
714 3828 741 3868 11
758 3812 909 3869 subvenire
923 3812 1094 3869 BDEFGH.
1160 3819 1255 3866 essent
1271 3805 1395 3864 subsidia

248 3901 278 3938 se
298 3883 424 3939 invenire
444 3883 512 3937 CD*
579 3897 612 3949 23
633 3882 778 3949 regionum
798 3883 915 3948 ABDF,
935 3883 1078 3949 regionem
1099 3880 1155 3936 CH
1222 3879 1321 3935 iisdem
1343 3879 1397 3932 edd

247 3971 283 4022 24
294 3964 357 4013 erat
370 3965 436 4010 tunc
450 3952 629 4021 defensione]
646 3954 701 4020 Ab,
715 3952 911 4010 defensionem
924 3953 1022 4020 Bcepj,
1035 3961 1103 4009 tunc
1119 3952 1215 4007 fuerat
1228 3947 1395 4006 defensione

246 4025 422 4089 DFHodhlr,
436 4034 503 4081 tunc
519 4025 614 4080 fuerat
630 4025 825 4080 defensionem
841 4025 893 4089 Go,
907 4033 975 4079 tunc
990 4022 1157 4079 defensione
1173 4022 1269 4078 fuerat
1282 4021 1309 4077 E
1325 4020 1396 4085 edd,

247 4105 316 4153 tunc
340 4097 369 4152 in
393 4095 453 4154 eius
478 4093 675 4153 defensionem
700 4095 798 4152 fuerat
821 4096 853 4161 C,
878 4093 1047 4152 constitutus
1074 4093 1170 4149 fuerat
1195 4111 1224 4149 m
1298 4109 1394 4148 comes
