3264 4658
191 429 240 470 100
511 415 656 473 SANCTI
675 415 899 472 AUGUSTINI
918 415 1017 472 VITA

198 584 232 640 et
258 575 292 638 in
317 585 413 640 nocte
439 575 621 639 lucubrans.
670 573 714 639 Et
740 585 811 640 erat
837 583 1004 656 tamquam
1031 575 1086 640 illa
1112 573 1346 657 gloriosissima

198 675 317 754 Maria,
332 687 446 758 typum
461 686 592 758 gestans
609 695 769 759 supernae
783 674 958 754 Ecclesiae,
976 675 1016 740 de
1032 695 1097 757 qua
1113 673 1270 759 scriptum
1286 688 1343 754 est,

199 775 288 860 quod
316 775 443 843 sederet
469 775 513 842 ad
539 775 637 858 pedes
665 775 808 856 Domini,
837 785 934 858 atque
961 776 1087 842 intenta
1114 777 1183 842 eins
1212 779 1347 842 verbum

197 877 343 943 audiret:
361 879 402 943 de
418 897 483 959 qua
498 897 591 942 soror
608 887 793 958 conquesta,
810 876 900 959 quod
917 879 956 942 ab
973 877 1089 944 eadem
1105 877 1191 942 circa
1207 877 1347 944 multum

153 981 171 1054 Β
197 978 415 1044 ministerium
433 987 590 1061 occupata
608 998 675 1042 non
694 979 914 1056 adiuvaretur,
935 978 1077 1042 audivit:
1098 978 1235 1044 Martha
1252 979 1346 1043 Mar-

199 1081 264 1156 tha,
280 1079 447 1144 meliorem
462 1089 590 1163 partem
604 1079 645 1141 M
646 1079 716 1144 ario
732 1078 837 1162 clepit,
855 1099 938 1162 puae
954 1097 1020 1144 non
1037 1079 1209 1162 auferetur
1226 1081 1266 1144 ab
1284 1081 1344 1144 eu‘

241 1171 329 1244 Nam
352 1180 553 1245 fabricarum
573 1199 734 1245 novarum
756 1199 923 1261 nunquam
945 1179 1090 1244 studium
1112 1179 1233 1258 habuit,
1258 1179 1346 1245 devi-

197 1291 272 1346 tans
300 1281 333 1346 in
361 1281 407 1346 eis
435 1281 687 1363 implicationem
714 1282 764 1346 sui
792 1281 902 1358 animi,
930 1300 1027 1362 quem
1054 1299 1181 1365 semper
1208 1280 1346 1350 liberum

198 1383 317 1447 habere
339 1383 467 1447 volebat
489 1382 529 1446 ab
552 1382 640 1446 omni
662 1381 811 1446 molestia
834 1380 1014 1464 temporali.
1060 1381 1137 1446 Non
1159 1390 1268 1446 tamen
1292 1379 1347 1444 illa

135 1502 173 1551 10
198 1485 343 1548 volentes
365 1492 397 1547 et
417 1483 625 1548 aedificantes
647 1482 846 1565 prohibebat,
869 1482 931 1547 nisi
954 1491 1081 1546 tantum
1103 1481 1344 1560 immoderatos.

200 1584 343 1650 interea⁵
370 1586 448 1650 dum
472 1584 626 1650 ecclesiae
652 1584 789 1666 pecunia
815 1581 977 1660 deficeret,
1004 1582 1066 1647 hoc
1092 1583 1200 1665 ipsum
1225 1581 1346 1665 populo

199 1685 387 1750 Christiano
407 1684 629 1761 denunciabat,
649 1704 717 1748 non
736 1706 772 1749 se
789 1684 908 1748 habere
927 1681 1017 1765 quod
1037 1681 1255 1765 indigentibus
1274 1703 1347 1749 ero-

198 1796 299 1868 garet.
344 1786 433 1850 Nam
453 1785 549 1851 etde
570 1787 656 1850 vasis
679 1785 850 1850 dominicis
871 1793 1005 1868 propter
1026 1784 1172 1867 captivos
1194 1794 1226 1849 et
1248 1801 1346 1865 quam

198 1888 355 1969 plurimos
375 1887 564 1969 indigentes,
586 1886 695 1968 frangi
715 1896 747 1950 et
766 1885 900 1950 conflari
920 1885 1057 1964 iubebat,
1078 1895 1110 1950 et
1129 1882 1346 1966 indigentibus
1372 1949 1373 1954 ,

135 1999 171 2066 15
200 1988 389 2071 dispensari.
432 1987 530 2070 Quod
550 2008 616 2052 non
636 2007 949 2064 commemorassem,
969 1986 1032 2051 nisi
1051 1995 1165 2050 contra
1184 1985 1346 2049 carnalem

200 2109 332 2154 sensum
359 2088 564 2170 quorundam
591 2088 662 2153 fieri
689 2087 902 2170 perviderem.
953 2085 996 2151 Et
1023 2088 1086 2152 hoc
1113 2087 1221 2170 ipsum
1248 2084 1352 2149 etiarn-

199 2189 391 2255 venerabilis
414 2189 590 2254 memoriae
614 2188 807 2254 Ambrosius¹
831 2190 866 2252 in
888 2187 1005 2252 talibus
1029 2185 1273 2252 necessitatibus
1298 2185 1346 2249 in·

201 2290 386 2356 dubitanter
411 2311 481 2355 esse
509 2289 705 2366 laciendum,
731 2301 765 2355 et
790 2289 874 2355 dixit
899 2300 932 2354 et
957 2288 1109 2370 scripsit.⁶
1156 2285 1222 2351 Sed
1246 2295 1280 2352 et
1305 2284 1347 2352 de

197 2391 345 2473 neglecto
361 2411 382 2454 a
397 2389 558 2455 fidelibus⁷
575 2389 805 2473 gazophylacio
823 2399 855 2453 et
873 2388 1056 2464 secretario,
1075 2385 1161 2454 unde
1179 2387 1274 2451 altari
1290 2406 1346 2450 ne-

132 2509 174 2558 20
200 2492 340 2557 cessaria
359 2491 570 2567 inferrentur,
589 2490 763 2570 aliquando
781 2491 814 2555 in
833 2490 969 2562 ecclesia
987 2490 1122 2571 loquens
1142 2487 1346 2562 admonebat,

199 2594 287 2674 quod
307 2592 405 2658 etiam
423 2591 647 2656 beatissimum
665 2591 878 2656 Ambrosium
897 2611 932 2655 se
952 2589 1136 2670 praesente⁸
1157 2588 1194 2653 in
1211 2588 1346 2654 ecclesia

198 2695 398 2772 tractavisse,
417 2694 509 2761 nobis
527 2693 702 2775 aliquando
721 2695 884 2758 retulerat.

637 2895 789 2960 CAPUT
808 2893 909 2958 XXV

582 3014 762 3096 Disciplina
787 3011 964 3079 domestica

133 3158 172 3226 25
243 3153 327 3218 Cum
344 3153 415 3234 ipso
432 3171 560 3232 semper
576 3150 693 3226 clerici,
711 3169 777 3213 una
793 3149 894 3214 etiam
910 3149 1007 3212 domo
1026 3167 1065 3212 ac
1080 3168 1193 3213 mensa
1212 3137 1347 3228 sumpti·

198 3253 323 3336 busque
346 3251 569 3319 communibus
593 3250 762 3315 alebantur
784 3259 817 3312 et
839 3248 1085 3314 vestiebantur.1
1126 3247 1171 3315 ⁵Et
1194 3268 1236 3313 ne
1259 3247 1346 3330 quis·

236 3455 247 3494 1
267 3438 305 3494 Et
322 3445 484 3492 erat....1o
500 3435 703 3490 immoderatos
722 3451 776 3490 om.
794 3433 813 3489 Ι
881 3429 1095 3497 religiosissima
1113 3431 1274 3498 CDEFGH
1293 3431 1347 3488 edd

201 3523 216 3576 5
231 3508 348 3565 Martha
367 3506 414 3573 (2)
434 3524 489 3562 om.
503 3505 590 3560 ΑΕΗ
666 3504 684 3560 6
699 3501 783 3568 elegit
797 3500 887 3556 maria
902 3501 984 3556 BCH
999 3501 1054 3558 edd
1134 3513 1150 3566 7
1166 3501 1204 3556 Et
1218 3508 1291 3564 erat.
1302 3542 1308 3554 .
1319 3541 1342 3555 ..

201 3595 233 3636 ιο
247 3577 448 3633 immoderatos
466 3575 554 3632 om]
577 3619 583 3628 .
624 3589 654 3640 13
672 3584 699 3629 et
715 3571 867 3638 plurimum
885 3569 970 3636 CDF,
986 3587 1069 3637 quam
1086 3570 1224 3638 plurimos
1243 3589 1296 3628 om.
1314 3569 1348 3637 G,

199 3670 265 3708 nam
282 3659 311 3707 et
327 3667 396 3706 vasa
413 3647 552 3705 dominica
569 3663 653 3714 quam
669 3643 790 3711 plurima
809 3642 904 3710 frangi
920 3642 989 3698 EJL
1005 3643 1051 3700 vel
1067 3643 1102 3698 M
1168 3656 1202 3698 20
1218 3641 1348 3698 inferun-

199 3735 249 3782 tur
261 3723 364 3782 CDEF
376 3721 431 3780 edd
