3264 4658
211 421 259 488 136
529 423 675 480 SANCTI
695 423 917 480 AUGUSTINI
937 425 1035 481 VITA

208 580 357 662 placeant
376 579 512 645 caritati.
554 580 649 662 Quae
669 581 862 662 disceptatio
882 581 909 646 si
929 583 1023 646 aliter
1043 604 1108 649 non
1129 581 1272 666 potuerit
1291 594 1357 649 ter·

209 680 336 757 minari,
363 691 520 762 quantum
544 682 625 745 milri
650 681 789 758 videtur,
816 683 872 764 qui
897 694 1050 747 maneant
1076 695 1109 750 et
1134 686 1190 765 qui
1217 685 1356 766 fugiant,

209 785 298 848 sorte
312 782 439 863 legendi
455 793 539 848 sunt.
579 783 645 866 Qui
661 785 748 849 enim
762 782 906 849 dixerint
922 805 956 848 se
973 784 1080 866 potius
1098 785 1215 866 fugere
1230 786 1356 862 debere,

209 893 267 948 aut
285 882 390 948 timidi
410 883 615 960 videbuntur,
635 884 712 964 quia
732 885 903 950 imminens
922 886 1226 952 malum'sustinere
1245 886 1358 952 nolue-

166 991 182 1058 5
211 993 304 1061 runt;
321 993 378 1048 aut
392 994 592 1066 arrogantes,
609 984 687 1066 quia
702 1006 737 1050 se
752 986 856 1068 magis
872 985 928 1066 qui
945 986 1096 1051 servandi
1113 997 1229 1064 essent,
1247 1007 1358 1052 neces-

211 1085 314 1150 sarios
333 1085 498 1151 Ecclesiae
517 1085 710 1150 iudicarunt.
751 1085 878 1151 Deinde
898 1086 1049 1152 fortassis
1068 1087 1113 1165 hi,
1132 1087 1188 1169 qui
1207 1087 1358 1154 meliores

211 1196 296 1263 sunt,
319 1186 439 1268 eligant
461 1207 521 1268 pro
544 1187 702 1252 fratribus
724 1186 849 1251 animas
871 1206 1010 1270 ponere3
1032 1189 1120 1254 ethi
1143 1188 1359 1252 servabuntur

212 1286 379 1370 fugiendo,
398 1307 537 1368 quorum
555 1298 603 1353 est
619 1289 729 1353 minus
747 1287 835 1353 utilis
853 1288 930 1364 vita,
949 1289 1026 1370 quia
1043 1288 1152 1353 rninor
1170 1287 1358 1355 consulendi

211 1399 243 1453 et
259 1387 461 1470 gubernandi
478 1389 603 1470 peritia.
643 1388 709 1470 Qui
727 1399 845 1465 tamen,
864 1391 891 1453 si
909 1389 961 1471 pie
979 1389 1118 1471 sapiunt,
1138 1389 1360 1454 contradicent

146 1499 187 1550 10
211 1489 267 1566 eis,
284 1509 364 1571 quos
381 1490 492 1556 vident
508 1502 540 1555 et
555 1490 665 1554 vivere
680 1491 789 1572 potius
805 1500 965 1572 oportere,
983 1499 1015 1556 et
1031 1490 1136 1572 magis
1151 1491 1236 1556 mori
1252 1490 1359 1566 malle,

212 1609 310 1672 quarn
329 1591 453 1672 lugere.
495 1589 575 1656 Ideo
593 1593 676 1656 sicut
695 1591 936 1671 scriptumest:
968 1590 1249 1656 Contradictiones
1267 1591 1360 1655 sedat

211 1691 349 1768 sortitio,
362 1703 397 1757 et
409 1692 495 1756 inter
507 1701 656 1773 potentes
670 1692 821 1774 deunce
857 1691 978 1756 Melius
992 1692 1080 1758 enim
1095 1693 1184 1757 Deus
1200 1692 1234 1755 in
1249 1691 1359 1755 huius·

211 1791 337 1857 cemodi
361 1792 558 1874 ambagibus,
583 1813 682 1874 quarn
702 1792 850 1858 homines
874 1792 1027 1870 iudicant,
1053 1795 1120 1856 sive
1144 1791 1295 1873 dignetur
1318 1791 1361 1858 ad

212 1895 372 1975 passionis
400 1895 546 1959 fructum
572 1914 690 1958 vocare
714 1894 874 1972 meliores,
902 1904 934 1958 et
959 1913 1092 1975 parcere
1117 1891 1265 1970 infirmis,
1293 1892 1361 1957 sive

149 2001 185 2070 ις
212 1994 291 2060 istos
317 1995 425 2060 lacere
447 1995 489 2060 ad
510 1995 597 2059 mala
619 1994 816 2077 perferenda
839 1995 1004 2071 fortiores,
1026 2006 1061 2060 et
1080 1993 1156 2059 huic
1178 1993 1265 2058 vitae
1287 1993 1361 2058 sub-

211 2097 351 2172 trahere,
368 2115 509 2177 quorum
524 2117 590 2160 non
606 2107 712 2177 potest
731 2095 894 2160 Ecclesiae
911 2106 1039 2160 tantum
1056 2105 1213 2177 quantum
1231 2094 1373 2159 illorum

213 2197 281 2261 vita
295 2196 459 2279 prodesse.
497 2197 563 2262 Res
578 2197 711 2278 quidem
724 2196 782 2262 fiet
796 2197 904 2261 minus
922 2195 1050 2271 usitata,
1069 2197 1096 2260 si
1113 2195 1171 2261 fiat
1187 2195 1251 2260 ista
1266 2193 1362 2259 sorti-

213 2297 259 2363 tio
269 2321 277 2375 ;
295 2296 353 2364 sed
370 2299 397 2362 si
416 2298 505 2362 lacta
525 2297 635 2376 fuerit,
653 2298 726 2378 quis
743 2318 816 2362 eam
833 2297 1069 2380 reprehendere
1087 2294 1239 2361 audebit?
1277 2295 1362 2377 Quis

213 2419 279 2464 non
306 2419 379 2464 eam
404 2398 467 2464 nisi
494 2400 672 2481 imperitus,
700 2411 757 2465 aut
783 2398 922 2474 invidus,
950 2417 1093 2478 congrua
1122 2394 1362 2478 praedicatione

148 2505 190 2553 20
213 2499 379 2566 laudabit?
419 2499 517 2581 Quod
536 2500 562 2564 si
581 2520 646 2564 non
665 2500 769 2582 placet
788 2498 907 2575 facere,
925 2498 1018 2562 cuius
1038 2498 1119 2563 facti
1137 2517 1202 2562 non
1221 2495 1363 2562 occurrit

213 2600 408 2682 exemplum,
429 2600 537 2664 nullus
559 2599 640 2681 fuga
660 2600 762 2665 faciat
781 2611 820 2665 ut
838 2598 1004 2663 Ecclesiae
1023 2598 1249 2673 ministerium,
1270 2617 1362 2661 max-

215 2703 279 2767 ime
299 2703 333 2767 in
352 2701 452 2767 tantis
472 2701 622 2784 periculis
644 2700 864 2766 necessarium
883 2721 922 2765 ac
943 2698 1097 2777 debitum,
1118 2699 1211 2764 desit.
1256 2699 1364 2764 Nemo

215 2805 352 2888 accipiat
371 2825 545 2887 personam
564 2824 666 2882 suam,
686 2815 723 2869 ut
744 2803 771 2869 si
791 2804 901 2885 aliqua
919 2802 1025 2885 gratia
1045 2802 1175 2868 videtur
1196 2800 1362 2877 excellere,

105 2924 110 2944 s
217 2907 289 2971 ideo
311 2928 347 2972 se
369 2907 455 2972 dicat
475 2907 553 2984 vita,
574 2916 608 2971 et
629 2906 669 2970 ob
690 2906 753 2970 hoc
775 2905 856 2986 fuga
878 2925 949 2970 esse
971 2904 1161 2986 digniorem.
1206 2900 1363 2984 Quisquis

150 3027 189 3096 ²5
216 3008 304 3072 enim
320 3009 383 3072 hoc
401 3019 495 3089 putat
513 3007 649 3071 nimium
669 3005 728 3072 sibi
748 3005 868 3088 placet:
889 3005 1035 3087 quisquis
1056 3015 1166 3069 autem
1185 3003 1282 3069 etiarn
1302 3003 1365 3066 hoc

216 3107 303 3185 dicit,
325 3108 473 3173 omnibus
492 3107 650 3188 displicet.

249 3294 407 3361 seligendi
427 3293 512 3359 CDF,
532 3293 705 3360 elegendiE
772 3291 829 3349 6ii
850 3291 905 3347 edd
971 3290 1115 3356 7eligunt
1135 3289 1167 3355 C,
1186 3287 1291 3356 eligent
1312 3286 1367 3344 edd

215 3370 233 3424 8
257 3366 420 3423 consolandi
444 3367 507 3432 AG,
533 3366 706 3423 consulendo
732 3366 757 3419 F
827 3379 856 3431 13
881 3363 987 3420 iudioat
1013 3362 1116 3420 CDFG
1141 3362 1196 3418 edd
1265 3361 1297 3417 16
1322 3359 1367 3416 dei

215 3441 351 3571 ῗῑοὲεεῇῗ
372 3440 428 3495 edd
494 3456 525 3495 21
549 3439 652 3496 nullius
675 3435 804 3494 CDEFG
826 3437 880 3492 edd
949 3436 1049 3502 lugam
1071 3434 1123 3492 BG
1190 3450 1222 3501 23
1246 3432 1368 3498 excipiat
