3264 4658
246 419 294 460 112
565 404 710 463 SANCTI
730 404 954 463 AUGUSTINI
973 404 1072 461 VITA

243 562 430 640 exercitata,
448 562 639 628 immanium
655 562 799 628 hostium
814 560 1040 629 Vandalorum
1056 575 1089 629 et
1104 563 1289 630 Alanorum
1305 585 1392 630 com*

242 663 381 728 mixtam
400 683 510 728 secum
528 664 648 729 habens
668 662 851 729 Gothorum
867 675 1007 746 gentem,
1027 664 1229 746 aliarumque
1248 664 1392 731 diversa·

244 785 318 829 rum
345 784 511 846 personas,
541 785 584 829 ex
613 763 794 848 Hispaniae
823 765 969 848 partibus
998 765 1225 840 transmarinis
1255 768 1391 832 navibus

242 864 381 930 Africae
401 865 584 930 influxisset
604 876 636 931 et
656 865 805 930 irruisset
814 866 836 930 :⁸
858 866 1073 948 universeque
1092 888 1150 949 per
1172 868 1244 933 loca
1265 867 1392 932 Mauri·

199 983 215 1051 ς
242 967 407 1031 taniarum
418 966 517 1032 etiam
527 967 571 1034 ad
582 966 663 1031 alias
675 977 804 1032 nostras
815 967 977 1032 transiens
991 966 1175 1050 provincias
1188 979 1220 1033 et
1233 967 1391 1050 regiones,

242 1067 332 1133 omni
362 1067 507 1132 saeviens
537 1067 707 1133 atrocitate
736 1077 768 1133 et
797 1066 997 1145 crudelitate,
1027 1079 1144 1132 cuncta
1173 1088 1256 1150 quae
1285 1069 1391 1150 potuit

242 1169 444 1252 spoliatione,
466 1167 617 1234 caedibus
639 1167 841 1250 diversisque
861 1167 1043 1247 tormentis,
1066 1168 1232 1246 incendiis,
1256 1170 1391 1251 aliisque

242 1268 581 1335 innumerabilibuset
601 1269 746 1335 infandis
766 1269 862 1334 malis
883 1269 1077 1352 depopulata
1097 1281 1163 1335 est:
1185 1271 1265 1335 nulli
1286 1271 1390 1348 sexui,

242 1370 322 1435 nulli
345 1391 482 1451 parcens
505 1371 613 1447 aetati,
635 1391 695 1435 nec
715 1370 796 1452 *ipsis
819 1370 881 1434 Dei
905 1371 1126 1436 sacerdotibus
1149 1373 1200 1436 vel
1223 1371 1389 1450 ministris,

179 1491 219 1541 10
242 1491 302 1536 nec
323 1471 401 1552 ipsis
424 1471 634 1536 ecclesiarum
654 1471 855 1536 ornamentis
877 1491 935 1536 seu
957 1471 1181 1536 instrumentis
1204 1474 1256 1537 vel
1279 1471 1390 1536 aedifi·

242 1571 310 1636 ciis.
346 1571 390 1637 Et
404 1573 488 1636 hanc
505 1571 743 1636 ferocissimam
756 1572 901 1637 hostium
914 1571 1151 1654 grassationem
1166 1582 1199 1637 et
1214 1570 1390 1637 vastation-

241 1693 303 1750 em,
320 1672 373 1739 ille
388 1674 450 1738 Dei
466 1674 565 1738 homo
580 1684 612 1738 et
629 1672 753 1737 iactam
769 1672 875 1738 luisse
889 1684 921 1738 et
937 1673 1019 1752 fieri,
1036 1694 1101 1739 non
1118 1683 1155 1738 ut
1172 1672 1270 1738 ceteri
1285 1672 1390 1739 homi·

241 1794 322 1838 num
343 1773 501 1839 sentiebat
521 1785 553 1838 et
575 1774 753 1856 cogitabat:
777 1773 834 1839 sed
853 1773 952 1838 altius
973 1795 1012 1838 ac
1032 1773 1231 1854 profundius
1253 1795 1293 1840 ea
1314 1795 1389 1838 con·

242 1875 399 1952 siderans‚
421 1884 454 1940 et
476 1875 527 1940 his
549 1876 734 1940 animarum
755 1876 929 1957 praecipue
951 1876 1004 1940 vel
1027 1874 1170 1958 pericula
1193 1875 1244 1939 vel
1267 1886 1389 1939 mortes

179 1995 216 2063 ις
241 1974 424 2058 pervidens,
445 1976 542 2041 solito
562 1975 700 2056 amplius
727 1974 908 2057 (quoniam,
930 1987 967 2040 ut
987 1977 1144 2057 scriptum
1165 1987 1223 2053 est,
1247 1975 1314 2054 Qui
1333 1985 1390 2058 up·

240 2076 334 2158 ponit
348 2075 526 2154 scientium,
543 2075 864 2158 opportunorum*
881 2087 913 2142 et
931 2098 989 2141 cor
1003 2076 1186 2159 intelligens
1205 2077 1292 2141 tinea
1309 2075 1389 2140 ossi-

241 2177 333 2259 bus⁵)
355 2176 490 2242 fuerunt
505 2176 535 2242 ei
550 2177 702 2241 lacrimae
717 2197 818 2260 panes
834 2177 886 2242 die
901 2197 940 2241 ac
955 2179 1073 2253 nocte,⁸
1089 2177 1389 2257 amarissimamque

241 2289 273 2343 et
295 2277 465 2360 lugubrem
485 2298 563 2360 prae
584 2276 699 2344 ceteris
721 2297 800 2344 suae
822 2277 995 2344 senectutis
1018 2277 1084 2342 iam
1105 2293 1187 2359 pene
1209 2288 1390 2342 extremam

241 2379 378 2444 ducebat
397 2399 436 2443 ac
455 2380 613 2444 tolerabat
632 2380 742 2444 vitam.
784 2378 925 2444 Videbat
944 2379 1032 2444 enim
1051 2379 1104 2444 ille
1123 2379 1222 2444 homo
1242 2378 1388 2443 civitates

174 2498 218 2548 20
240 2478 369 2546 excidio
387 2478 531 2563 perditas
549 2479 734 2562 pariterque
752 2479 840 2545 cives
859 2500 935 2544 cum
953 2478 1108 2544 aedificiis
1128 2479 1280 2544 villarum
1299 2478 1388 2544 habi·

240 2592 362 2647 tatores
392 2581 473 2646 alios
504 2580 613 2645 hostili
643 2601 722 2646 nece
752 2581 940 2660 exstinctos,
970 2580 1052 2647 alios
1081 2570 1259 2662 effugatos'
1291 2590 1388 2660 atque

240 2683 422 2763 dispersos:
448 2681 599 2747 ecclesias
624 2681 844 2747 sacerdotibus
869 2701 907 2746 ac
931 2680 1090 2746 ministris
1115 2679 1297 2760 destitutas,
1323 2680 1388 2745 vir-

170 2821 171 2824 =
238 2783 394 2865 ginesque
410 2803 519 2847 sacras
534 2793 567 2847 et
582 2802 727 2864 quosque
744 2783 945 2847 continentes
962 2780 1080 2864 ubique
1097 2782 1287 2864 dissipatos:
1306 2793 1337 2847 et
1354 2781 1388 2844 in

239 2884 290 2949 his
317 2885 398 2951 alios
425 2883 595 2950 tormentis
622 2881 792 2961 deiecisse,
821 2883 902 2948 alios
929 2882 1038 2965 gladio
1067 2882 1277 2963 interemptos
1305 2903 1386 2957 esse,

174 2995 213 3062 25
239 2984 321 3052 alios
340 2985 382 3049 ‘in
408 2983 595 3067 captivitate
622 2983 749 3067 perdita
776 2983 876 3048 animi
904 2994 936 3049 et
962 2983 1107 3064 corporis
1136 2982 1321 3064 integritate
1349 3003 1387 3047 ac

239 3083 314 3163 fide,
337 3087 425 3150 malo
447 3106 539 3150 more
564 3096 596 3150 et
621 3085 703 3151 duro
727 3085 874 3150 hostibus
899 3084 1081 3161 deservire;
1104 3084 1243 3165 hymnos
1268 3084 1330 3148 Dei
1354 3095 1388 3148 et

239 3186 351 3251 laudes
371 3207 414 3251 ex
434 3187 577 3252 ecclesiis
598 3185 771 3269 deperisse,
792 3184 940 3251 aedificia
959 3185 1169 3251 ecclesiarum
1188 3181 1387 3266 quampluri·

272 3396 290 3437 2
304 3381 479 3450 aliorumque
491 3383 518 3438 Α
586 3398 605 3450 4
617 3381 820 3448 universasque
833 3381 868 3448 B,
881 3377 1068 3448 universaque
1083 3379 1138 3435 CH
1153 3378 1226 3445 edd,
1234 3371 1388 3433 'universae

237 3452 399 3520 provinciae
419 3470 491 3521 quae
509 3454 535 3509 E
602 3454 620 3508 6
638 3453 804 3509 crudelitate
823 3461 852 3508 et
871 3451 1019 3508 atrocitate
1037 3452 1070 3506 H
1091 3450 1145 3505 edd
1212 3462 1228 3515 7
1248 3448 1388 3515 exspolia-

239 3526 317 3583 tione
334 3525 468 3582 CDFGH
485 3525 539 3581 edd
622 3539 653 3590 13
668 3524 715 3592 ac]
735 3532 763 3579 et
781 3523 915 3580 CDFGH
932 3523 987 3580 edd
1071 3536 1103 3589 14
1120 3522 1148 3576 in
1164 3521 1209 3578 his
1227 3519 1388 3577 CDEFGH

239 3595 294 3651 edd
362 3609 392 3662 15
407 3593 574 3660 praevidens
588 3593 776 3650 BCDEFGH
790 3591 846 3650 edd
915 3608 946 3660 19
960 3588 1142 3659 bernolt-dei
1158 3591 1216 3648 BH
1231 3591 1302 3656 edd,
1317 3605 1388 3646 eros.

238 3669 264 3725 G
330 3683 365 3724 20
379 3669 454 3724 cives
470 3684 525 3723 om.
541 3664 728 3722 BCDEFGH
743 3666 798 3722 edd
864 3667 898 3723 26
914 3663 979 3723 fidei
994 3665 1050 3722 edd
1117 3673 1145 3721 et
1162 3664 1247 3732 duro]
1267 3681 1299 3720 ac
1315 3664 1388 3719 duro

236 3741 270 3798 H
283 3741 340 3797 edd
405 3752 439 3807 27
453 3740 503 3808 ex]
521 3741 557 3796 de
569 3738 624 3795 DF
637 3737 709 3806 edd,
724 3737 817 3796 om.B
