3268 4668
226 434 260 488 54
547 418 693 476 SANCTI
712 417 935 476 AUGUSTINI
955 419 1053 475 VITA

227 579 334 642 levare
362 579 396 642 in
424 578 544 643 Africa
572 579 718 642 Ecclesia
748 578 915 643 Catholica
942 599 1060 643 exorsa
1088 589 1138 644 est
1166 589 1263 661 caput
1291 593 1374 659 quae

225 680 330 744 multo
354 689 499 761 tempore
524 679 586 744 illis
612 679 909 744 convalescentibus
933 679 1113 756 haereticis,
1139 679 1374 761 praecipueque

226 780 445 862 rebaptizante
470 780 593 846 Donati
617 791 719 862 parte,
744 779 868 845 maiore
893 779 1100 846 multitudine
1124 777 1298 856 Afrorum,
1325 801 1374 844 se-

227 879 325 946 ducta
343 891 376 945 et
394 894 507 962 pressa·
525 892 558 946 et
575 901 731 963 oppressa
750 881 882 945 iacebat.
923 879 968 946 Et
986 881 1046 946 hos
1066 881 1136 946 eius
1157 880 1256 946 libros
1275 890 1373 961 atque

184 1002 199 1070 ς
226 992 384 1048 tractatus
408 982 548 1047 mirabili
572 983 636 1047 Dei
659 983 766 1066 gratia
791 981 1003 1065 procedentes
1029 1004 1066 1048 ac
1091 981 1299 1065 profluentes,
1325 983 1374 1046 in-

227 1094 368 1149 structos
388 1085 523 1149 rationis
543 1085 636 1166 copia
655 1095 752 1166 atque
771 1085 965 1151 auctoritate
983 1095 1170 1150 sanctarum
1190 1085 1374 1167 Scriptura-

228 1205 309 1262 rum,
326 1185 388 1268 ipsi
401 1204 530 1266 quoque
545 1185 699 1251 haeretici
713 1197 953 1264 concurrentes,
968 1205 1045 1251 cum
1057 1185 1235 1250 Catholicis
1249 1187 1373 1270 ingenti
1459 1271 1461 1277 Ι

227 1288 344 1351 ardore
358 1285 542 1364 audiebant,
559 1299 591 1352 et
605 1287 760 1368 quisquis,
777 1297 813 1351 ut
828 1287 931 1352 voluit
945 1299 977 1353 et
992 1287 1106 1368 potuit,
1121 1287 1267 1352 notarios
1283 1287 1374 1352 adhi-

226 1387 363 1464 bentes,²
380 1409 418 1452 ea
434 1408 517 1468 quae
533 1389 724 1455 dicebantur
739 1398 880 1468 excepta
890 1388 1118 1453 describentes.
1157 1387 1200 1453 Et
1217 1388 1293 1453 inde
1309 1389 1375 1452 iarn

163 1507 202 1557 ιο
225 1509 285 1568 per
301 1498 407 1554 totum
422 1489 560 1554 Africae
576 1509 694 1570 corpus
710 1490 878 1570 praeclara
894 1488 1042 1556 doctrina
1057 1489 1204 1570 odorque
1221 1489 1374 1554 suavissi-

228 1608 300 1654 mus
316 1589 451 1656 Christi⁸
465 1589 588 1655 diffusa
602 1599 634 1655 et
649 1589 873 1654 manifestata*
887 1599 946 1666 est,
962 1590 1184 1672 congaudente
1198 1609 1327 1672 quoque
1341 1590 1374 1655 id

228 1703 392 1773 comperta
418 1692 565 1756 Ecclesia
588 1692 651 1756 Dei
677 1692 903 1757 transmarina.
950 1691 1117 1773 Quoniam
1144 1692 1227 1756 sicut
1252 1691 1375 1773 patitur

228 1812 330 1856 uuum
346 1793 537 1869 membrum,
557 1793 797 1874 compatiuntur
814 1792 924 1857 omnia
938 1793 1101 1856 membra:
1122 1793 1167 1857 ita
1185 1814 1260 1857 cum
1276 1792 1375 1875 glori-

227 1892 345 1959 ficatur
366 1913 468 1958 unum
488 1894 679 1970 membrum,
701 1892 905 1975 congaudent
927 1893 1037 1960 omnia
1057 1895 1226 1958 membra.⁶

165 2117 201 2185 15
451 2084 453 2094 ⁴
583 2179 585 2184 ¹
672 2095 825 2161 CAPUT
841 2095 928 2158 vin

229 2246 428 2328 Designatur
461 2246 631 2328 episcopus
665 2245 741 2311 vivo
775 2245 910 2311 Valerio
943 2257 976 2311 et
1007 2268 1027 2311 a
1060 2246 1204 2329 Megalio
1237 2248 1375 2330 primate

718 2346 888 2412 ordinatur

271 2478 330 2544 Ille
350 2501 428 2544 vero
448 2481 561 2544 beatus
583 2500 683 2544 senex
703 2480 855 2545 Valerius
876 2481 991 2547 ceteris
1013 2501 1056 2545 ex
1076 2483 1138 2546 hoc
1159 2481 1297 2563 amplius
1319 2502 1376 2545 ex-

228 2580 363 2658 sultans,
379 2591 411 2646 et
425 2581 497 2644 Deo
512 2581 633 2662 gratias
649 2595 747 2662 agens
763 2581 803 2645 de
819 2601 973 2646 concesso
988 2581 1049 2647 sibi
1065 2582 1195 2663 speciali
1209 2582 1375 2661 beneficio,

162 2705 204 2753 20
227 2691 372 2747 metuere
398 2681 512 2764 coepit,
538 2691 574 2746 ut
598 2693 647 2747 est
672 2682 834 2746 humanus
858 2683 995 2760 animus,
1021 2704 1064 2748 ne
1088 2684 1129 2747 ab
1154 2683 1217 2749 alia
1243 2683 1376 2748 ecclesia

229 2782 396 2846 sacerdote
417 2781 555 2864 privata,
577 2781 619 2846 ad
640 2782 864 2864 episcopatum
885 2793 1104 2864 quaereretur,
1128 2795 1160 2849 et
1183 2777 1243 2849 sibi
1265 2784 1376 2848 aufer-

123 2937 126 2942 .
229 2893 335 2947 retur:
354 2901 431 2946 narn
448 2893 480 2947 et
497 2881 533 2947 id
548 2881 760 2964 provenisset,
780 2883 843 2947 nisi
861 2885 923 2948 hoc
941 2883 1029 2949 idem
1046 2883 1217 2966 episcopus
1235 2885 1375 2965 cognito,

229 2983 271 3048 ad
290 2982 398 3047 locum
416 2993 577 3048 secretum
595 3003 670 3048 eum
688 2983 828 3049 transire
848 2994 1003 3060 curasset,
1023 2994 1120 3064 atque
1139 2984 1337 3049 occultatum
1356 3005 1376 3047 a

229 3082 457 3164 quaerentibus
479 3083 610 3148 minime
632 3084 770 3149 inveniri
794 3084 934 3149 lecisset.
978 3083 1075 3150 Unde
1098 3084 1237 3167 amplius
1261 3084 1377 3149 fonni-

162 3204 201 3270 ²5
229 3182 310 3248 dans
329 3180 416 3248 idern
433 3184 624 3250 venerabilis
644 3204 753 3261 senex,
771 3196 805 3250 et
824 3185 928 3250 sciens
946 3205 981 3250 se
999 3205 1135 3274 corpore
1153 3195 1186 3249 et
1204 3195 1310 3252 aetate
1327 3186 1376 3249 in-

261 3331 349 3387 zittic
362 3331 433 3398 adol,
447 3331 540 3390 om.C
601 3331 768 3400 smaiorem
782 3330 991 3404 multitudinem
1006 3333 1068 3390 edd.
1100 3333 1255 3401 Qexhibet
1268 3335 1377 3394 maiore

228 3402 408 3457 multitudine
475 3419 492 3470 4
512 3403 626 3461 seducta
645 3421 743 3469 pressa
762 3413 790 3460 et
811 3421 945 3470 oppressa
965 3403 1041 3469 CD*,
1063 3402 1177 3460 seducta
1197 3413 1225 3459 et
1244 3421 1379 3469 oppressa

229 3473 259 3528 K
271 3473 342 3538 edd„
355 3482 383 3529 et
394 3491 492 3540 pressa
505 3493 577 3532 eros.
588 3476 622 3532 E.
653 3475 958 3542 Qextiberetoressa
1021 3475 1080 3532 sive
1094 3476 1148 3532 edd
1211 3476 1376 3533 8adhibens

227 3543 306 3610 CD*,
328 3545 463 3600 adhibens
484 3545 569 3601 etiam
590 3545 653 3611 edd.
688 3547 713 3613 Q
736 3547 851 3602 exhibet
870 3546 1034 3602 adhibentes
1101 3562 1119 3614 9
1141 3546 1288 3612 descripsit
1311 3547 1379 3602 CD*

228 3616 301 3681 edd,
322 3617 530 3683 descripserunt
553 3619 577 3684 Q
649 3634 677 3672 11
702 3618 808 3673 diffusa
831 3627 859 3674 et
880 3615 1076 3682 manifestata]
1101 3618 1378 3684 ABCDFHJKng

234 3688 404 3755 (manifesta
429 3689 486 3755 cr),
508 3689 632 3746 diffusus
655 3698 684 3745 et
705 3689 906 3745 manifestatus
929 3690 1076 3760 Eaettopq
1099 3690 1162 3747 edd.
1191 3690 1376 3756 (manifestus

230 3759 276 3825 k),
297 3758 419 3816 diffusus
439 3768 482 3816 est
502 3769 531 3816 et
550 3759 721 3815 manifestus
741 3778 778 3825 m,
798 3758 925 3815 diffusus·
943 3768 986 3815 est
1006 3779 1027 3817 n
1097 3775 1139 3828 50,
1164 3775 1195 3815 12
1215 3778 1249 3816 ac
1269 3759 1372 3816 sic...

231 3843 260 3886 11
274 3829 458 3886 manifestata
470 3837 514 3884 est
526 3830 612 3886 om.J
673 3828 883 3895 congaudentes
895 3831 932 3895 A,
945 3826 1119 3896 congaudete
1132 3831 1166 3895 B,
1179 3827 1338 3896 congaudet
1351 3831 1377 3895 J,

229 3897 425 3966 congaudebat
450 3899 475 3955 C
547 3898 578 3959 id
602 3899 764 3966 compertal.
788 3899 957 3966 BCcheny',
983 3899 1015 3956 id
1039 3907 1183 3967 comperto
1209 3900 1377 3956 ADEFHK

230 3969 352 4036 timor
374 3968 419 4035 (id
438 3987 493 4024 om.
512 3968 559 4034 d),
577 3969 631 4024 hoc
650 3976 794 4035 comperto
811 3971 838 4035 J,
856 3987 890 4026 eo
909 3978 1053 4037 comperto
1072 3989 1091 4026 n
1111 3969 1183 4036 edd,
1203 3968 1231 4025 id
1250 3987 1378 4037 comper·
1469 4021 1470 4024 ,

226 4053 288 4100 tum
313 4045 342 4110 tq
435 4061 467 4100 12
492 4045 681 4114 sicutl-l-dum
707 4044 890 4101 BCDEHJK
916 4044 970 4101 edd
1065 4061 1095 4112 13
1122 4045 1296 4113 ita]†etiam
1323 4045 1378 4100 edd

228 4132 262 4172 22
280 4113 416 4186 nisiI-l-et
436 4117 491 4173 edd
