3264 4658
231 429 279 482 130
550 414 696 471 SANCTI
715 414 939 472 AUGUSTINI
958 414 1057 471 VITA

271 573 300 637 8.
324 573 378 636 An
395 593 461 637 non
479 572 669 653 cogitamus,
686 572 822 637 eumad
839 571 978 637 istorum
995 571 1213 654 periculorum
1230 572 1378 654 perveni-

228 685 284 740 tur
300 684 456 750 extrema,
473 693 533 737 nec
550 683 599 737 est
615 682 758 754 potestas
776 672 842 738 ulla
860 672 1018 754 fugiendi,
1036 684 1176 755 quantus
1194 676 1228 738 in
1245 673 1378 739 ecclesia

229 775 301 840 lieri
322 775 424 840 soleat
444 775 483 839 ab
504 785 642 855 utroque
662 795 754 850 sexu,
775 784 872 855 atque
893 775 933 838 ab
954 773 1043 839 omni
1064 784 1169 840 aetate
1190 794 1378 852 concursus,

230 877 302 941 aliis
318 876 514 957 baptismum
531 874 761 957 flagitantibus,
778 874 850 940 aliis
870 874 1173 954 reconciliationem,
1191 875 1262 941 aliis
1281 875 1380 940 etiam

188 991 204 1059 ς
230 976 447 1059 poenitentiae
466 977 567 1057 ipsius
587 977 757 1053 actionem,
777 975 926 1040 omnibus
946 975 1201 1041 consolationem
1220 987 1252 1041 et
1273 996 1379 1040 sacra-

231 1088 419 1145 mentorum
449 1077 690 1142 conlectionem
719 1087 752 1142 et
781 1076 1026 1159 erogationem?
1055 1076 1145 1155 lUbi
1176 1076 1204 1140 si
1236 1074 1377 1144 ministri

231 1178 346 1256 desint,
363 1190 521 1260 quantum
535 1177 671 1244 exitium
686 1177 832 1259 sequitur
846 1197 902 1242 eos
918 1179 973 1259 qui
988 1180 1029 1244 de
1044 1178 1106 1242 isto
1123 1176 1232 1243 seculo
1247 1177 1298 1242 vel
1314 1198 1380 1241 non

233 1280 413 1363 regenerati
434 1289 564 1356 exeunt,
585 1278 637 1343 vel
657 1277 770 1361 ligati?
813 1277 964 1360 Quantus
985 1288 1034 1342 est
1055 1279 1153 1343 ctiam
1173 1277 1279 1342 luctus
1301 1276 1380 1342 fide-

232 1381 313 1446 lium
337 1401 481 1456 suorum,
505 1378 561 1461 qui
586 1401 641 1446 eos
666 1399 778 1444 secum
800 1381 835 1466 ¹in
859 1379 945 1445 vitae
970 1389 1120 1444 aeternae
1147 1378 1290 1459 requiem
1315 1397 1380 1442 non

170 1485 208 1534 10
233 1481 416 1546 habebunt?
459 1481 610 1563 Quantus
633 1479 771 1561 denique
793 1480 932 1562 gemitus
954 1479 1101 1544 omnium
1122 1490 1154 1544 et
1176 1478 1382 1560 quorundam

233 1592 354 1664 quanta
372 1581 571 1664 blasphemia
590 1582 629 1646 de
648 1580 793 1647 absentia
810 1580 1066 1645 ministeriorum
1085 1591 1118 1644 et
1137 1577 1381 1644 ministrorum?

233 1682 319 1748 Vide
336 1682 416 1765 quid
434 1683 534 1748 faciat
549 1682 712 1747 malorum
729 1681 957 1763 temporalium
974 1679 1081 1758 timor,
1100 1691 1132 1746 et
1150 1690 1273 1762 quanta
1290 1679 1324 1743 in
1342 1699 1383 1743 eo

235 1785 276 1849 sit
294 1784 455 1848 malorum
473 1783 643 1865 acquisitio
662 1794 878 1849 aeternorum.
921 1781 957 1846 Si
976 1792 1086 1846 autem
1103 1781 1244 1845 ministri
1264 1777 1382 1856 adsint,

235 1905 294 1966 pro
313 1885 437 1950 viribus
457 1903 538 1965 quas
557 1883 604 1948 eis
626 1882 786 1948 Dominus
808 1881 1040 1958 subministrat,
1061 1880 1211 1946 omnibus
1233 1879 1382 1945 subveni-

171 1987 207 2054 Ι5
233 1999 306 2064 tur;
321 1986 375 2053 alii
389 1985 604 2069 baptizantur,
619 1985 674 2051 alii
690 1984 947 2064 reconciliantur,
963 1984 1044 2048 nulli
1059 1981 1223 2048 Dominici
1237 1982 1382 2064 corporis

236 2087 463 2153 communione
484 2087 689 2163 fraudantur,
711 2107 823 2152 omnes
844 2085 1062 2161 consolantur,
1084 2083 1305 2159 aedificantur,
1327 2102 1383 2145 ex-

234 2189 417 2264 hortantur,
433 2197 468 2252 ut
483 2186 590 2252 Deum
605 2196 727 2268 rogent,
742 2186 798 2267 qui
812 2195 927 2266 potens
942 2196 992 2251 est
1005 2183 1116 2249 omnia
1130 2204 1213 2266 quae
1227 2182 1383 2248 timentur

236 2300 401 2366 avertere;
417 2289 522 2372 parati
539 2287 581 2355 ad
595 2300 779 2369 utrumque,
798 2299 834 2353 ut
851 2288 878 2352 si
895 2309 960 2353 non
977 2297 1084 2368 potest
1100 2287 1140 2350 ab
1157 2285 1203 2351 eis
1221 2283 1306 2349 calix
1323 2286 1384 2349 iste

237 2392 385 2467 transire,
403 2390 462 2455 fiat
479 2390 629 2454 voluntas
648 2388 755 2466 eius,²²
775 2388 830 2469 qui
846 2389 925 2453 mali
943 2387 1066 2468 aliquid
1083 2407 1149 2452 non
1167 2395 1274 2467 potest
1292 2384 1383 2449 velle.

171 2497 211 2544 20
278 2511 307 2575 9.
331 2492 428 2557 Certe
447 2490 514 2556 iam
532 2489 624 2556 vides
643 2492 731 2571 quod
751 2500 782 2554 te
803 2488 979 2571 scripseras
999 2507 1065 2552 non
1085 2485 1205 2564 videre,
1227 2496 1384 2567 quantum

236 2593 312 2659 boni
333 2602 573 2674 consequantur
596 2590 706 2674 populi
730 2589 917 2670 Christiani,
940 2589 967 2654 si
990 2591 1025 2652 in
1046 2586 1268 2669 praesentibus
1290 2586 1384 2650 malis

237 2717 303 2760 non
329 2694 375 2759 eis
402 2693 485 2759 desit
510 2692 693 2775 praesentia
717 2690 942 2756 ministrorum
969 2687 1100 2765 Christi,
1128 2707 1267 2769 quorum
1294 2685 1384 2751 vides

237 2797 337 2862 etiam
362 2805 520 2877 quantum
545 2793 630 2860 obsit
655 2792 809 2869 absentia,
836 2792 915 2856 dum
941 2811 1000 2855 sua
1025 2799 1185 2871 quaerunt
1210 2809 1276 2854 non
1301 2805 1385 2868 quae

239 2897 314 2962 Iesu
331 2885 453 2963 Christi
463 2897 573 2973 3²⁸-nec
588 2893 707 2959 habent
722 2893 811 2957 illam
825 2893 866 2958 de
881 2911 947 2974 qua
962 2890 1086 2956 dictum
1101 2899 1166 2955 est:
1193 2889 1229 2952 N
1230 2909 1272 2952 on
1289 2907 1386 2969 quae-

172 2998 212 3065 25
239 2998 283 3062 rit
302 3017 385 3079 quae
403 3017 464 3062 sua
482 2997 603 3072 sunt;²⁴
622 3015 682 3059 nec
702 2993 871 3059 imitantur
890 3013 966 3058 eum
984 2991 1039 3072 qui
1059 2989 1159 3056 dixit:
1190 2989 1268 3052 Non
1289 3008 1385 3070 quoe-

238 3119 316 3164 rens
331 3098 418 3180 quod
432 3097 515 3162 nulii
529 3095 609 3162 urite
624 3105 682 3172 est,
698 3096 758 3161 sed
773 3095 861 3177 quod
876 3092 996 3168 multis,
1014 3103 1052 3156 ut
1066 3089 1149 3155 solui
1163 3089 1282 3172 fiont²⁵
1319 3087 1386 3170 Qui

240 3200 338 3265 etiam
354 3198 570 3282 persecutoris
588 3196 742 3280 principis
761 3197 846 3260 illius
864 3192 999 3259 insidias
1017 3213 1083 3258 non
1102 3191 1250 3274 fugisset,
1270 3188 1333 3254 nisi
1352 3206 1387 3254 sc

272 3383 290 3432 9
306 3367 401 3432 requie
417 3365 468 3421 BC
484 3364 555 3429 edd,
572 3382 601 3419 tn
618 3381 689 3419 eras.
707 3363 732 3417 E
802 3377 832 3428 13
851 3359 988 3427 acquisito
1004 3359 1143 3414 malorum
1162 3355 1317 3422 BCDEFG
1334 3355 1388 3413 edd

240 3439 350 3506 asneel
367 3438 463 3494 nonA
527 3437 616 3494 26est
630 3455 685 3494 om.
699 3434 770 3500 edd,
784 3431 859 3489 sitE
