3268 4668
227 359 261 413 50
549 347 694 404 SANCTI
714 347 937 404 AUGUSTINI
957 349 1056 404 VITA

227 504 361 569 minime
378 524 474 586 posse
493 503 652 571 cernebat.
693 503 791 570 Unde
808 502 946 570 accensa
963 517 996 572 et
1015 505 1133 572 ardens
1153 509 1259 573 levata
1279 529 1377 591 super

228 604 458 670 candelabrum
473 604 614 683 lucerna,
631 605 784 670 omnibus
796 608 851 687 qui
869 608 904 670 in
920 605 1018 672 domo
1034 617 1127 672 erant
1143 607 1293 674 lucebat.⁸
1332 609 1377 674 Et

227 716 341 788 postea
358 715 510 770 currente
528 717 561 771 et
579 706 709 770 volante
729 706 915 772 huiusmodi
937 708 1037 785 fama,
1057 708 1142 774 bono
1160 709 1377 790 praecedente

227 804 387 886 exemplo
415 816 546 888 accepta
572 808 612 870 ab
640 807 798 889 episeopis
826 817 994 889 potestate,
1022 810 1202 890 presbyteri
1229 810 1376 876 nonnulli

185 917 201 986 5
228 925 340 971 coram
358 907 516 988 episcopis
535 906 663 990 populis
683 917 824 972 tractare
842 919 1028 990 coeperunt.

691 1141 845 1210 CAPUT
859 1143 911 1207 VI

355 1291 532 1358 Conflictus
555 1292 731 1374 Augustini
752 1313 828 1358 cum
850 1293 1031 1358 Fortunato
1056 1293 1250 1360 Manichaeo

272 1425 357 1491 Sane
373 1428 406 1491 in
423 1427 479 1495 illa'
494 1437 572 1490 tunc
588 1425 793 1510 Hipponensi
811 1427 890 1490 urbe
908 1426 1178 1491 Manichaeorum
1193 1427 1377 1510 pestilentia

228 1546 326 1608 quam
347 1526 505 1608 plurimos
525 1526 577 1591 vel
599 1527 684 1591 cives
707 1526 757 1592 vel
779 1525 967 1608 peregrinos
990 1538 1022 1592 et
1044 1527 1203 1593 infecerat
1224 1540 1258 1594 et
1280 1548 1376 1610 pene-

166 1646 205 1694 10
229 1636 381 1704 traverat‚
413 1625 585 1692 seducente
615 1637 647 1692 et
679 1626 857 1708 decipiente
888 1627 1035 1692 eiusdem
1063 1627 1205 1692 haeresis
1235 1629 1377 1710 quodam

228 1728 417 1810 presbytero
432 1723 564 1793 nomine
582 1727 786 1804 Fortunat0‚²
805 1727 924 1794 ibidem
942 1739 1154 1794 conversante
1172 1741 1269 1812 atque
1285 1750 1376 1793 man-

228 1839 311 1893 ente.
353 1829 482 1893 Interea
502 1829 730 1910 Hipponenses
749 1828 836 1894 cives
857 1830 908 1893 vel
928 1829 1090 1912 peregrini
1112 1829 1289 1895 Christiani
1309 1841 1376 1894 tam

229 1928 387 1994 Catholici
409 1945 507 2010 quam
528 1929 627 1995 etiarn
647 1929 839 1994 Donatistae
862 1930 983 1994 adeunt
1003 1931 1237 2013 presbyterum,
1260 1951 1298 1995 ac
1322 1931 1377 1995 de·

228 2041 375 2110 poscunt·
393 2041 430 2095 ut
447 2027 544 2094 illum
555 2030 720 2094 hominem
739 2030 1010 2095 Manichaeorum
1027 2030 1260 2112 presbyterum,
1280 2050 1377 2111 quem

167 2143 203 2210 15
229 2129 362 2195 doctum
383 2129 565 2222 credebant,
588 2129 723 2207 videret,
747 2143 779 2195 et
802 2150 878 2195 cum
900 2131 1015 2196 eodem
1037 2131 1078 2196 de
1101 2131 1189 2212 Lege
1211 2141 1375 2196 tractaret.

230 2231 329 2312 Quod
352 2231 447 2307 idem,
473 2240 509 2294 ut
534 2231 772 2313 scriptumest,
797 2242 930 2313 paratus
955 2233 998 2296 ad
1021 2230 1264 2296 confessionem
1287 2230 1376 2295 omni

228 2333 373 2412 poscenti
390 2353 424 2396 se
442 2333 602 2396 rationem
617 2331 658 2397 de
674 2330 738 2396 fide
756 2342 787 2397 et
805 2353 861 2413 spe
878 2351 961 2412 quae
979 2333 1012 2396 in
1030 2333 1139 2395 Deum
1155 2333 1228 2408 est,²
1245 2341 1376 2415 potens-

229 2451 292 2514 que
309 2433 477 2497 exhortari
495 2432 530 2496 in
550 2431 697 2498 doctrina
717 2453 806 2509 sana,
826 2442 859 2496 et
878 2431 1135 2497 contradicentes
1156 2432 1376 2514 redarguere,⁸

228 2533 361 2596 minime
376 2533 491 2597 renuit.
528 2533 593 2598 Sed
607 2544 718 2597 utrum
731 2534 830 2597 etiam
843 2533 897 2597 ille
911 2534 973 2597 hoc
987 2533 1058 2597 fieri
1072 2533 1178 2610 vellet,
1194 2531 1376 2598 sciscitatus

163 2653 207 2702 20
229 2643 287 2698 est.
336 2633 383 2698 At
409 2633 455 2697 illi
481 2633 658 2698 confestim
685 2634 727 2697 ad
754 2634 845 2696 illurn
873 2634 900 2697 F
902 2643 1092 2697 ortunatum
1118 2632 1153 2698 id
1181 2631 1375 2709 detulerunt,

226 2742 382 2815 petentes.
401 2735 610 2798 exhortantes
628 2754 666 2798 ac
682 2732 875 2820 flagitantes,
893 2731 1033 2813 quodid
1052 2731 1184 2798 minime
1202 2742 1375 2798 recusaret.

230 2836 316 2901 Sane
336 2835 491 2917 quoniam
510 2835 597 2900 idern
617 2830 817 2902 Fortunatus
838 2836 904 2899 iam
924 2836 1011 2916 apud
1033 2835 1264 2917 Carthaginem
1284 2854 1376 2899 sanc·

228 2949 301 3002 turn
320 2948 456 3001 noverat
477 2937 699 3018 Augustinum
719 2934 826 3000 adhuc
846 2938 880 2999 in
901 2923 1017 3001 eodem
1038 2955 1148 3001 secum
1169 2955 1278 3000 errore
1300 2955 1377 2999 con-

229 3037 388 3114 stitutum,
412 3059 486 3102 cum
510 3037 624 3102 eodem
645 3037 800 3118 congredi
823 3037 997 3118 pavitabat.
1043 3034 1277 3123 Verumtamen
1302 3054 1377 3100 suo-

164 3149 203 3217 25
230 3158 304 3202 rum
328 3139 469 3203 maxime
494 3137 649 3203 instantia
673 3147 803 3208 coactus
829 3159 868 3201 ac
893 3134 1141 3213 verecundatus,
1167 3135 1316 3218 promisit
1342 3134 1377 3199 in

230 3238 409 3302 comminus
433 3260 468 3304 se
491 3259 562 3302 esse
584 3248 767 3320 venturum,
792 3249 1018 3319 certamenque
1043 3236 1228 3318 disputandi
1254 3235 1377 3301 subitu-

231 3358 313 3402 rum.
349 3336 447 3404 Unde
463 3339 612 3404 condicto
629 3338 680 3404 die
694 3349 727 3403 et
742 3339 813 3404 ioco
828 3348 1049 3404 convenerunt
1065 3339 1098 3402 in
1114 3356 1225 3415 unum,
1242 3356 1377 3401 concur·

242 3617 248 3626 ,
264 3573 276 3613 1
295 3558 403 3614 elevata
420 3556 474 3611 edd
541 3570 556 3623 5
573 3556 893 3624 coeperunt]†verbum
911 3555 955 3611 dei
973 3556 1045 3620 edd„
1061 3574 1116 3612 om.
1135 3552 1379 3622 Qabcdeytjttmn

230 3641 300 3698 opqr
369 3646 400 3686 12
416 3627 475 3694 vel]
495 3638 524 3686 et
540 3629 595 3685 edd
664 3645 694 3696 13
712 3625 1049 3697 adeuntl-l-augustinum
1064 3627 1155 3682 ΒΕΗΙ
1217 3628 1249 3683 16
1265 3625 1378 3682 confes·

230 3705 351 3770 sionem]
372 3705 584 3768 responsionem
602 3701 723 3759 CDEFJ
740 3702 794 3757 edd
863 3714 894 3767 17
912 3702 966 3756 deo
982 3699 1051 3764 HK,
1070 3696 1221 3755 domino!
1286 3711 1321 3752 ao
1337 3695 1379 3761 ip·

230 3797 293 3907 {um
312 3776 494 3902 ΟΠΕΡῖΙΙΙέΚ
513 3775 568 3832 edd
634 3791 665 3830 21
686 3770 911 3842 pententes]‹t·et
931 3772 1094 3830 CDEFHK
1113 3771 1176 3828 edd.
1244 3787 1278 3826 ac
1295 3769 1376 3837 dagi-

243 3865 323 3906 anes
338 3865 393 3904 ona
469 3888 476 3903 .
755 3862 758 3868 ·
