3268 4668
221 425 222 428 ¹
239 387 272 454 82
561 398 707 456 SANCTI
726 397 949 457 AUGUSTINI
969 400 1068 456 VITA

240 556 373 622 obiectis
399 555 525 622 referre
551 557 702 639 potuerit,
727 556 937 623 nihilominus
962 556 1222 624 demonstratum
1246 571 1305 638 est,
1331 559 1388 624 ad·

240 657 316 723 ditis
336 658 576 740 supplementis,
595 678 678 739 quae
697 660 730 722 in
747 669 894 740 tempore
911 657 1093 724 collationis
1112 669 1251 742 angusto
1271 660 1388 725 inferri

240 768 273 830 et
291 758 388 823 scribi
406 759 539 824 minime
557 769 742 840 potuerunt.
783 758 824 826 Id
840 760 929 824 enim
946 770 1058 842 egerat
1074 760 1219 842 nequitia
1238 759 1388 837 hominis,

240 865 286 923 ut'
294 873 354 924 sua
370 860 547 925 novissima
564 861 789 942 prosecutione
805 862 946 925 multum
963 860 1159 944 longissima,
1178 872 1284 927 toturn
1301 861 1390 942 quod

178 975 194 1044 ς
241 971 441 1026 remanserat
461 959 526 1026 diei
547 961 690 1044 spatium
708 971 891 1042 occuparet.
1379 953 1381 959 ’

665 1162 819 1228 CAPUT
839 1162 960 1228 XVIII

324 1313 560 1396 Pelagianistae
580 1313 656 1378 novi
677 1313 830 1378 haeretici
851 1315 1028 1396 expugnati
1049 1325 1081 1380 et
1101 1315 1306 1381 condemnati

282 1447 451 1516 Adversus
470 1446 718 1530 Pelagianistas1
734 1466 864 1529 quoque
880 1468 983 1514 novos
1001 1457 1190 1514 nostrorum
1206 1461 1390 1530 temporum

240 1549 420 1614 haereticos
440 1558 473 1613 et
491 1547 709 1628 disputatores
729 1548 873 1624 callidos,
894 1559 964 1614 arte
982 1549 1087 1630 magis
1108 1550 1217 1614 subtili
1238 1560 1270 1616 et
1289 1551 1390 1616 noxIa

179 1668 218 1716 10
241 1650 426 1725 scribentes,
444 1661 476 1714 et
492 1648 674 1731 ubicunque
689 1659 840 1731 poterant
856 1648 983 1731 publice
1000 1661 1032 1716 et
1044 1671 1107 1732 per
1124 1650 1238 1715 domos
1257 1651 1389 1733 loquen-

240 1761 299 1827 teS,
313 1771 371 1832 per
384 1770 486 1815 annos
502 1749 607 1814 ferme
621 1750 745 1814 decem²
759 1750 945 1827 elaboravit,
960 1751 1116 1816 librorum
1131 1753 1232 1816 multa
1247 1750 1389 1816 condens

241 1860 274 1915 et
289 1851 398 1928 edens,
415 1861 447 1928 et
463 1851 497 1915 in
513 1851 647 1916 ecclesia
663 1851 790 1932 populis
807 1872 849 1916 ex
866 1851 982 1916 eodem
997 1871 1108 1916 errore
1127 1851 1389 1933 frequentissime

241 1950 421 2033 disputans.
469 1951 514 2016 Et
539 1951 694 2034 quoniam
714 1943 818 2016 iidem
843 1953 987 2033 perversi
1007 1951 1083 2032 ¹sedi
1109 1953 1305 2034 apostolicae
1332 1973 1390 2035 per

240 2072 335 2116 suam
361 2052 570 2116 ambitionem
596 2051 732 2118 eandem
759 2051 929 2134 perfidiam
955 2054 1152 2134 persuadere
1179 2054 1389 2131 conabantur,

178 2165 215 2232 15
241 2152 590 2218 instantissimeetiam
606 2152 751 2218 conciliis
768 2153 938 2218 Africanis
958 2163 1146 2219 sanctorum
1164 2155 1391 2234 episcoporum

175 2285 177 2288 ·
239 2262 369 2335 gestum
385 2263 443 2330 est,
461 2263 497 2317 ut
514 2264 626 2318 sancto
638 2274 745 2336 :papae
763 2254 862 2332 urbis,
880 2266 913 2319 et
930 2254 1020 2336 prius
1037 2252 1213 2319 venerabili
1232 2255 1389 2327 Innocen-

237 2355 311 2430 1ῐίο,3
335 2364 367 2419 et
389 2365 503 2437 postea
527 2365 640 2421 sancto
662 2355 806 2419 Zosimo⁴
831 2355 900 2419 eius
925 2355 1104 2419 successori
1127 2353 1388 2436 persuaderetur,

208 2493 211 2496 -
241 2475 339 2536 quam
360 2454 415 2519 illa
436 2467 523 2522 secta
544 2476 564 2519 a
585 2455 650 2521 fide
671 2454 838 2520 Catholica
859 2466 892 2520 et
913 2455 1128 2521 abominanda
1151 2467 1183 2520 et
1204 2456 1389 2522 damnanda

242 2555 369 2621 luisset.
408 2555 517 2621 atilli
534 2566 644 2621 tantae
660 2556 745 2621 sedis
762 2555 933 2633 antistites,
951 2555 1018 2621 suis
1037 2556 1173 2622 diversis
1190 2556 1389 2638 temporibus

176 2676 217 2724 20
240 2658 373 2722 eosdem
387 2666 547 2733 notantes,
561 2667 659 2738 atque
675 2679 694 2720 a
708 2656 862 2722 membris
878 2656 1041 2722 Ecclesiae
1057 2655 1288 2739 praecidentes,
1305 2656 1389 2722 datis

241 2757 357 2824 litteris
374 2756 417 2822 ad
434 2756 611 2822 Africanas
628 2756 817 2832 Occidentis
834 2769 867 2822 et
884 2760 926 2824 ad
944 2757 1090 2822 Orientis
1108 2757 1211 2840 partis
1227 2756 1389 2846 ecclesias,

240 2878 297 2924 eos
312 2857 680 2935 anathematizandos-et
694 2856 885 2924 devitandos
901 2858 941 2923 ab
957 2857 1105 2922 omnibus
1123 2856 1298 2923 Catholicis
1315 2876 1389 2922 cen-

241 2971 386 3027 suerunt.
432 2959 476 3023 Et
498 2960 565 3024 tale
587 2959 628 3025 de
651 2959 714 3024 illis
738 2958 904 3024 Ecclesiae
928 2960 991 3023 Dei
1017 2959 1202 3036 Catholicae
1226 2958 1402 3044 prolatum·

237 3058 407 3137 iudicium,
427 3061 526 3126 etiam
545 3059 708 3142 piissimus
728 3060 913 3141 Imperator
934 3059 1103 3124 Honorius
1125 3058 1259 3124 audiens
1281 3080 1319 3124 ac
1341 3077 1390 3124 see

175 3180 194 3228 2
198 3176 213 3244 5
241 3179 353 3241 quens,
370 3159 436 3226 suis
452 3178 507 3226 eos
524 3161 647 3244 legibus
664 3160 833 3226 damnatos
851 3161 935 3226 inter
950 3159 1129 3225 haereticos
1145 3159 1257 3224 haberi
1274 3158 1390 3224 debere

240 3261 417 3326 constituit.
460 3260 558 3326 Unde
577 3260 724 3328 nonnulli
745 3282 788 3326 ex
809 3261 855 3326 eis
876 3259 919 3326 ad
939 3270 1069 3326 sanctae
1088 3260 1203 3326 matris
1225 3246 1389 3325 Ecclesiae

240 3362 411 3443 gremium,
429 3362 515 3427 unde
531 3361 732 3438 resiluerant,
751 3362 916 3428 redierunt
933 3372 965 3425 et
981 3360 1088 3427 adhuc
1104 3361 1160 3426 alii
1177 3359 1323 3439 redeunt,
1341 3360 1390 3423 in-

240 3523 1389 3679 4ZffssgngtsslEss-cgnecgadegliffiiggffmpffistolilligggaggtgugmigbg*

242 3675 301 3723 avit
310 3666 334 3724 C
343 3666 399 3722 edd
478 3680 509 3720 12
518 3674 546 3722 et
559 3666 607 3732 (2)
621 3667 710 3722 om.A
790 3681 821 3720 21
832 3665 1014 3732 littensl-l-et
1020 3666 1126 3722 DEFG
1136 3666 1207 3732 edd,
1216 3673 1245 3720 et
1253 3665 1390 3721 africanis

239 3746 268 3793 et
284 3734 630 3800 occidentis....partibus
647 3735 773 3792 ecclesiis
790 3737 824 3800 B,
842 3736 1000 3791 occidentes
1019 3744 1046 3792 et
1065 3736 1189 3792 orientes
1207 3735 1337 3790 ecclesias
1356 3734 1390 3798 G,

241 3809 395 3866 occidentIs
411 3816 441 3864 et
458 3807 618 3864 orientisli
684 3823 719 3862 22
735 3805 957 3863 anathemandos
974 3807 1029 3863 DF
1047 3807 1109 3864 edd.
1145 3807 1303 3874 Qexlribet
1320 3823 1388 3862 atta·

240 3876 536 4004 therfratimnrlcogEF*
559 3874 791 4003 agadamnandos
814 3885 843 3932 et
864 3877 917 3945 BQ
991 3890 1025 3944 27
1048 3875 1229 3944 resiluerant]
1256 3876 1387 3942 ABE*G,

240 3965 295 4004 rest
308 3957 398 4004 ierant
557 3965 572 4002 e

1619 3935 1623 3966 l
