3268 4668
234 416 267 471 80
556 415 701 474 SANCTI
720 417 945 476 AUGUSTINI
963 418 1062 474 VITA
1094 489 1102 504 .

235 583 344 657 partes
370 575 533 657 digressae
559 586 644 652 sunt,
669 575 724 640 ille
748 576 853 658 magis
877 577 1045 658 magisque
1071 579 1173 643 iratus
1199 592 1231 646 et
1258 581 1382 659 furens,

234 675 404 741 mendacia
429 676 532 740 multa
559 697 620 758 pro
647 697 706 741 sua
734 677 820 741 falsa
847 675 912 742 fide
939 678 1088 755 iactabat,
1116 681 1239 745 victum
1266 703 1336 747 esse
1363 705 1383 748 a

235 778 342 859 seipso
356 778 569 858 proclamans,
584 777 762 842 multorum
776 798 834 842 ore
847 779 1016 844 laudatum
1030 779 1261 862 Augustinum.
1290 781 1384 864 Quae

234 899 310 945 cum
330 880 464 945 minime
486 881 634 958 laterent,
656 891 788 946 coactus
812 891 861 948 est
883 881 927 947 ad
949 883 1057 966 ipsum
1079 884 1220 948 scribere
1243 885 1381 949 Pascen-

193 990 209 1059 5
235 981 326 1058 tium,
351 991 485 1064 propter
509 981 595 1046 illius
619 993 744 1056 metum
768 983 897 1047 omissis
924 982 1106 1049 nominibus
1132 985 1382 1063 conferentium,

234 1083 315 1146 etin
330 1083 377 1147 eis
392 1081 507 1148 litteris
523 1081 681 1164 quidquid
697 1083 781 1146 inter
796 1095 904 1164 partes
922 1083 1046 1149 dictum
1060 1085 1111 1148 vel
1127 1096 1256 1168 gestum
1273 1085 1383 1152 iuerat
1501 1086 1503 1091 ’

234 1183 374 1248 fideliter
391 1183 562 1260 intimavit,
582 1183 625 1248 ad
643 1204 681 1250 ea
700 1184 727 1249 si
747 1195 943 1265 negarentur
962 1185 1128 1266 probanda
1146 1205 1298 1268 magnam
1318 1198 1383 1252 tes·

235 1283 318 1348 tium
333 1284 454 1348 habens
472 1285 608 1364 copiam,
626 1283 822 1349 clarissimos
841 1284 962 1349 scilicet
979 1296 1075 1366 atque
1093 1287 1307 1364 honorabiles,
1327 1287 1382 1368 qui

234 1397 313 1451 tunc
337 1385 483 1460 aderant,
507 1384 606 1449 viros.
651 1385 761 1466 Atque
785 1385 838 1451 ille
863 1385 907 1451 ad
929 1385 994 1452 duo
1019 1387 1079 1452 sibi
1104 1387 1226 1458 directa
1253 1388 1381 1469 scripta,

172 1511 211 1561 10
235 1504 337 1550 unum
356 1485 413 1548 vix
434 1484 576 1550 reddidit
596 1485 798 1567 rescriptum,
820 1487 855 1550 in
875 1506 940 1568 quo
960 1487 1065 1569 magis
1087 1487 1240 1552 iniuriam
1262 1487 1382 1564 facere,

234 1606 333 1668 quam
350 1606 427 1651 suae
445 1597 550 1651 sectae
568 1587 727 1651 rationem
745 1587 847 1651 valuit
866 1586 1041 1652 declarare.
1083 1587 1182 1670 Quod
1200 1588 1382 1654 volentibus

234 1696 267 1752 et
285 1687 466 1752 valentibus
485 1687 592 1768 legere
611 1688 849 1770 comprobatur.
976 1752 978 1759 ,

277 1788 362 1853 Cum
384 1789 530 1870 ipsorum
554 1808 682 1870 quoque
705 1788 906 1853 Asianorum
930 1788 1081 1870 episcopo
1106 1789 1248 1870 quodam
1273 1790 1382 1854 Maxi-

233 1889 336 1952 min0³
353 1909 427 1954 cum
444 1888 559 1954 Gothis
575 1890 617 1954 ad
633 1888 787 1954 Africam
801 1889 960 1968 veniente,
975 1890 1064 1970 apud
1081 1890 1269 1973 Hipponem
1284 1911 1382 1972 quam
1488 1885 1492 1899 '

172 2007 209 2075 ις
234 1989 379 2071 pluribus
403 1990 595 2066 volentibus,
618 1990 801 2072 petentibus
825 2000 858 2055 et
880 1991 1055 2072 praeclaris
1079 1991 1277 2072 interpositis
1302 1991 1382 2056 viris

234 2091 379 2167 contulit,
409 2100 441 2156 et
468 2091 547 2172 quid
576 2090 722 2173 singulae
749 2091 947 2157 asseruerint
974 2102 1094 2172 partes,
1124 2092 1281 2173 scriptum
1309 2095 1381 2156 est.⁴

234 2190 329 2272 Quae
349 2192 376 2256 si
396 2191 533 2256 studiosi
553 2191 722 2273 diligenter
741 2191 849 2272 legere
866 2191 1062 2268 curaverint,
1082 2193 1194 2273 procul
1215 2191 1312 2257 dubio
1334 2192 1382 2255 in·
1399 2223 1408 2262 ς

234 2291 408 2374 dagabunt,
423 2292 475 2357 vel
491 2291 569 2373 quid
585 2292 702 2356 callida
716 2302 748 2358 et
763 2292 993 2356 irrationabilis
1009 2291 1152 2357 haeresis
1168 2294 1211 2358 ad
1227 2292 1382 2357 seducen-

235 2393 361 2458 dumet
378 2393 604 2474 decipiendum
619 2393 811 2475 profiteatur
826 2393 878 2458 vel
893 2393 974 2473 quid
990 2392 1138 2458 Ecclesia
1156 2392 1324 2458 Catholica
1342 2395 1383 2458 de

169 2518 211 2567 20
234 2493 344 2559 divina
364 2505 473 2558 teneat
491 2504 523 2559 et
541 2493 705 2576 praedicet
724 2493 894 2559 Trinitate.
935 2492 1001 2558 Sed
1022 2492 1176 2574 quoniam
1196 2494 1250 2558 ille
1269 2483 1382 2558 haere-

233 2595 318 2660 ticus
343 2594 383 2659 de
409 2595 563 2677 Hippone
587 2593 715 2659 rediens
738 2595 782 2658 ad
807 2593 1047 2676 Carthaginem,
1073 2597 1115 2661 de
1138 2615 1198 2660 sua
1220 2595 1324 2658 multa
1347 2593 1381 2657 in

232 2696 404 2762 collatione
424 2695 617 2776 loquacitate
636 2695 793 2760 victorem
813 2717 848 2760 se
868 2696 909 2760 de
928 2695 999 2777 ipsa
1017 2695 1189 2761 collatione
1211 2695 1381 2760 recessisse

231 2796 375 2873 iactavit,
395 2807 427 2861 et
444 2796 599 2862 mentitus
618 2807 666 2861 est
690 2795 764 2876 (qui
782 2795 894 2878 utique
911 2816 978 2860 non
999 2795 1095 2860 facile
1114 2817 1134 2860 a
1153 2794 1282 2861 divinae
1302 2796 1381 2876 legis

234 2897 355 2979 ignaris
375 2898 555 2963 examinari
573 2907 605 2962 et
624 2896 794 2961 diiudicari
812 2897 940 2978 posset)
963 2917 983 2960 a
1001 2896 1177 2960 venerabili
1196 2895 1382 2977 Augustino

167 3022 207 3090 ²5
236 2999 380 3079 sequenti
404 2997 569 3080 temporis,
593 2996 669 3063 stilo
691 3006 723 3063 et
745 2996 831 3063 illius
852 2996 955 3063 totius
978 2993 1158 3062 collationis
1182 2997 1223 3061 de
1246 2995 1382 3078 singulis

235 3099 365 3165 obiectis
385 3110 417 3164 et
437 3099 600 3181 responsis
622 3099 710 3164 iacta
727 3109 779 3164 est
798 3097 1038 3180 recapitulatio:
1058 3107 1091 3163 et
1111 3115 1209 3178 quam
1227 3096 1308 3160 nihil
1329 3096 1383 3162 ille

266 3283 283 3322 2
303 3264 358 3321 fide
380 3283 430 3322 sua
451 3265 526 3320 lalsa
544 3265 598 3320 DF
618 3264 688 3330 edd,
710 3281 761 3320 sua
781 3261 837 3318 fide
858 3262 932 3318 falsa
952 3263 979 3319 Ε
1047 3278 1077 3319 11
1098 3281 1118 3320 a
1137 3262 1295 3336 volentibus
1316 3271 1346 3319 et
1366 3278 1385 3316 a

233 3338 390 3395 valentibus
410 3339 464 3392 edd
534 3350 564 3402 15
583 3334 712 3403 plurimis
730 3335 801 3390 ΠΨ
820 3333 882 3390 edd.
918 3333 1077 3402 Qexhibet
1095 3335 1223 3400 pluribus
1289 3342 1317 3389 et
1336 3351 1383 3398 pe·

234 3411 356 3468 tentibus
373 3410 461 3476 DEF,
479 3419 562 3476 atque
580 3409 737 3476 petentibus
757 3407 811 3462 edd
878 3416 907 3463 et
926 3425 980 3463 om.
1000 3405 1102 3462 CDEF
1172 3420 1202 3472 17
1222 3405 1384 3462 iudicabunt

233 3484 287 3539 BD
354 3499 385 3538 21
400 3484 434 3539 de
448 3501 510 3538 sua.
521 3525 527 3536 .
538 3524 544 3537 .
554 3483 595 3538 .i-n
608 3481 757 3539 collatione
771 3499 825 3536 om.
840 3480 908 3536 CD*
954 3494 989 3534 22
999 3478 1178 3546 loquacitate.
1188 3519 1195 3532 .
1206 3521 1212 3534 .
1222 3477 1384 3534 ¹collatione

234 3576 287 3613 om.
305 3556 358 3610 AB
427 3555 588 3626 recessisse]
609 3555 701 3610 heresi
721 3572 749 3610 se
766 3552 793 3607 A
862 3566 895 3617 23
912 3569 983 3618 quae
1000 3548 1130 3607 CDEFG
1147 3550 1202 3608 edd
1268 3565 1303 3616 24
1318 3566 1383 3615 pos-

234 3639 296 3687 sent
319 3628 421 3685 CDEF
443 3628 515 3694 edd„
537 3627 646 3694 possint
669 3625 694 3681 G
754 3623 1027 3695 ,venerabilss-l-viro
1050 3623 1137 3690 BEkp
1162 3623 1216 3676 edd
1283 3636 1315 3688 25
1341 3639 1383 3676 se·

233 3703 329 3770 quenti
344 3701 493 3768 temporis]
512 3696 870 3763 ABCDEFGbcdphknpr,
886 3695 1012 3762 sequenti
1027 3703 1156 3761 tempore
1172 3695 1225 3761 esi,
1243 3692 1383 3760 sequentis

235 3775 371 3841 temporis
386 3775 462 3841 1an
476 3772 538 3829 edd.
569 3772 617 3827 Aa
631 3787 746 3827 sensum
759 3769 934 3849 implepdum
945 3774 1050 3835 puncto
1066 3775 1115 3822 aut
1128 3765 1207 3824 aliud
1221 3767 1384 3822 huiusmodi

233 3847 351 3904 verbum
366 3847 440 3902 inter
456 3846 584 3911 sequenti
600 3849 627 3897 et
642 3839 778 3906 temporis
795 3837 985 3895 desideratum
