3268 4668
279 413 313 468 68
601 417 746 476 SANCTI
766 419 989 478 AUGUSTINI
1008 423 1108 480 VITA

280 571 381 636 iudex
399 584 431 638 et
448 573 628 652 officium,²⁴
645 587 677 641 et
696 575 783 641 idem
801 578 971 662 Crispinus
990 581 1078 663 quod
1095 583 1229 650 minime
1250 583 1351 651 fuerit
1370 607 1427 652 ex-

280 685 381 752 actus,
406 679 571 759 praecepti
596 689 673 744 sunt
699 681 798 746 denas
823 682 895 746 auri
919 682 1019 748 libras
1044 684 1115 751 fisci
1141 685 1265 752 iuribus
1292 688 1426 755 inferre.

281 774 347 840 Sed
370 778 518 858 protinus
542 800 643 861 opera
666 779 743 846 data
766 793 815 846 est
840 803 899 865 per
922 783 1107 852 Catholicos
1131 786 1309 869 episcopos,
1334 809 1427 871 prae·

278 875 373 958 cipue
390 898 448 960 per
467 890 597 945 sanctae
614 882 790 947 memoriae
808 883 1038 965 Augustinum‚
1058 898 1095 952 ut
1113 886 1169 951 illa
1187 889 1334 954 omnium
1351 881 1427 954 con-

237 990 254 1058 5
280 975 445 1043 demnatio
460 979 615 1063 principis
633 981 850 1049 dimitteretur
866 985 1075 1068 indulgentia.
1115 987 1159 1052 Et
1175 989 1318 1056 Domino
1335 988 1427 1054 adiu-

279 1088 377 1143 vante
394 1079 579 1160 perfectum
597 1092 654 1147 est.
696 1082 772 1165 Qua
791 1085 958 1167 diligentia
976 1098 1008 1152 et
1029 1098 1140 1153 sancto
1160 1087 1269 1156 studio
1287 1090 1427 1155 multum

279 1178 380 1245 crevit
399 1179 554 1246 Ecclesia.

722 1384 875 1452 CAPUT
891 1387 980 1454 XIII

525 1604 528 1609 ,
564 1539 636 1602 Pax
655 1539 821 1604 Ecclesiae
840 1561 897 1623 per
918 1541 1141 1622 Augustinum

216 1685 255 1734 to
320 1671 365 1738 Et
393 1672 510 1738 dehis
537 1671 686 1738 omnibus
714 1694 773 1756 pro
799 1694 879 1756 pace
908 1674 1073 1752 Ecclesiae
1100 1676 1211 1757 gestis,
1240 1677 1426 1759 Augustino

278 1772 439 1838 Dominus
462 1773 568 1838 ethic
589 1773 731 1856 palmam
752 1773 850 1851 dedit,
873 1786 905 1841 et
927 1775 1015 1858 apud
1037 1797 1073 1840 se
1093 1775 1236 1843 iustitiae
1258 1781 1426 1843 coronam1

186 1891 189 1894 ·
280 1874 438 1938 servavit:
458 1894 497 1938 ac
516 1875 619 1956 magis
638 1874 816 1957 magisque,
836 1875 967 1942 iuvante
989 1875 1130 1954 Christ0,
1151 1877 1264 1942 dedic
1285 1879 1319 1941 in
1340 1879 1425 1943 diem

279 1975 458 2055 augebatur
478 1986 510 2039 et
530 1974 815 2056 multiplicabatur²
836 1977 925 2059 pacis
946 1977 1064 2056 unitas,
1082 1977 1251 2044 Ecclesiae
1272 1980 1335 2043 Dei
1357 1979 1426 2044 ira-

278 2074 423 2139 ternitas.
465 2074 508 2139 Et
527 2074 561 2140 id
579 2076 721 2140 maxime
743 2076 867 2140 factum
886 2088 935 2142 est
954 2090 1028 2158 post
1048 2077 1262 2160 collationem,
1283 2098 1365 2161 quae
1386 2081 1426 2146 ab

215 2188 251 2256 15
280 2174 439 2240 universis
463 2175 620 2258 episcopis
644 2176 819 2241 Catholicis
841 2181 929 2260 apud
953 2178 1184 2262 Carthaginem
1206 2201 1280 2244 cum
1304 2179 1426 2246 eisdem

279 2275 528 2340 Donatistarum
543 2276 702 2358 episcopis
719 2278 926 2358 postmodum
946 2279 1035 2344 facta
1052 2289 1111 2357 est,
1129 2281 1163 2344 id
1181 2281 1310 2346 iubente
1327 2280 1426 2363 glori-

278 2376 428 2440 osissimo
448 2387 480 2441 et
501 2376 744 2459 religiosissimo
765 2379 965 2461 Imperatore
988 2379 1162 2457 Ηοιιοῐὶο,8
1184 2392 1317 2463 propter
1338 2381 1426 2463 quod

278 2476 512 2559 perficiendum
534 2479 632 2543 etiam
654 2503 673 2546 a
696 2500 756 2544 suo
779 2479 880 2544 latere
901 2480 1069 2545 tribunum
1090 2491 1122 2545 et
1145 2481 1311 2546 notarium
1334 2482 1425 2545 Mar-

279 2577 443 2643 cellinum*
465 2579 507 2642 ad
530 2577 683 2643 Africam
705 2579 845 2645 iudicem
865 2580 1008 2645 miserat.
1055 2581 1095 2644 In
1117 2601 1181 2662 qua
1204 2583 1425 2648 controversia

212 2699 253 2748 20
278 2677 324 2742 illi
342 2679 535 2761 omnimodis
551 2679 724 2757 confutati,
743 2691 839 2762 atque
858 2680 898 2745 de
916 2701 1026 2746 errore
1044 2703 1063 2746 a
1083 2681 1257 2747 Catholicis
1275 2682 1424 2759 convicti,

278 2780 437 2845 sententia
459 2779 635 2860 cognitoris
656 2780 760 2845 notati
783 2792 867 2858 sunt,
890 2792 922 2846 et
945 2792 1019 2863 post
1041 2802 1155 2848 eorum
1176 2782 1425 2866 appellationem

278 2879 414 2962 piissimi
446 2881 531 2962 regis
563 2900 719 2961 responso
749 2881 861 2947 iniusti
892 2882 976 2946 inter
1006 2883 1186 2948 haereticos
1218 2882 1423 2949 condemnati

278 2991 362 3046 sunt.
403 2981 456 3044 Ex
474 3001 538 3062 qua
556 2980 680 3047 ratione
699 2981 794 3048 solito
813 2983 950 3064 amplius
970 3003 1084 3048 eorum
1101 2983 1245 3066 episcopi
1263 3003 1338 3049 cum
1357 2982 1424 3050 suis

278 3081 401 3146 clericis
417 3091 448 3145 et
463 3081 608 3164 plebibus
623 3083 950 3160 communicaverunt,
967 3095 999 3148 et
1014 3104 1128 3166 pacem
1142 3093 1286 3148 tenentes
1305 3083 1424 3150 Catho-

61 3199 64 3218 ·
118 3253 120 3256 ,
210 3193 251 3260 25
278 3180 381 3258 licam,
401 3182 519 3247 multas
540 3202 653 3249 eorum
672 3184 911 3265 persecutiones
932 3205 1034 3265 usque
1054 3183 1096 3249 ad
1115 3185 1337 3250 membrorum
1356 3205 1424 3249 am·

277 3281 479 3363 putationem
497 3294 529 3348 et
550 3283 802 3349 internecionem
822 3286 1033 3366 pertulerunt.
1077 3285 1120 3350 Et
1140 3295 1246 3350 totum
1268 3284 1348 3350 illud
1367 3287 1424 3350 bo·

302 3479 325 3530 -4
353 3465 560 3524 commendatio
590 3465 617 3520 A
688 3481 720 3522 12
750 3466 905 3523 reservavit
935 3467 1038 3522 CDEF
1066 3467 1122 3523 edd
1190 3483 1221 3536 13
1252 3467 1426 3535 unitas14et

276 3537 375 3593 offo
391 3537 445 3593 edd
511 3538 645 3594 ecclesiae
661 3538 707 3594 dei
726 3537 890 3594 fraternitas
908 3557 963 3596 om.
981 3540 1005 3596 C
1074 3540 1106 3596 16
1121 3539 1151 3595 id
1168 3538 1284 3598 iuvante
1299 3541 1362 3606 DG,
1380 3541 1423 3596 iu·

276 3615 362 3663 vante
382 3607 450 3678 CB*
521 3608 656 3664 raetiam
676 3627 731 3665 om.
750 3609 803 3676 BQ
875 3624 907 3675 19
924 3608 975 3675 adl
997 3607 1027 3664 in
1045 3609 1098 3668 Sol
1166 3625 1201 3666 aa
1218 3610 1292 3667 iuste
1312 3610 1423 3678 eddo

277 3677 391 3732 extubet
405 3674 502 3733 iniusti
565 3693 599 3746 23
614 3677 737 3745 episcopi
752 3677 829 3745 cum]
849 3677 1010 3746 episcopum
1024 3677 1051 3734 Α
