<?xml version="1.0" encoding="UTF-8"?>
<!DOCTYPE html PUBLIC "-//W3C//DTD XHTML 1.0 Transitional//EN"
    "http://www.w3.org/TR/xhtml1/DTD/xhtml1-transitional.dtd">
<html xmlns="http://www.w3.org/1999/xhtml" xml:lang="en" lang="en">
 <head>
  <title>
</title>
<meta http-equiv="Content-Type" content="text/html;charset=utf-8" />
  <meta name='ocr-system' content='tesseract 3.04.00' />
  <meta name='ocr-capabilities' content='ocr_page ocr_carea ocr_par ocr_line ocrx_word'/>
</head>
<body>
  <div class='ocr_page' id='page_1' title='image "./sanctiaugustini00weisgoog_0045.png"; bbox 0 0 3268 4668; ppageno 0'>
   <div class='ocr_carea' id='block_1_1' title="bbox 425 812 1146 994">
    <p class='ocr_par' dir='ltr' id='par_1_1' title="bbox 425 812 1146 994">
     <span class='ocr_line' id='line_1_1' title="bbox 499 812 1077 892; baseline 0 -1"><span class='ocrx_word' id='word_1_1' title='bbox 499 822 666 891; x_wconf 75' lang='lat' dir='ltr'>snucrr</span> <span class='ocrx_word' id='word_1_2' title='bbox 684 824 944 892; x_wconf 69' lang='lat' dir='ltr'>nodosum</span> <span class='ocrx_word' id='word_1_3' title='bbox 963 812 1077 891; x_wconf 81' lang='lat' dir='ltr'>VITA</span> 
     </span>
     <span class='ocr_line' id='line_1_2' title="bbox 425 925 1146 994; baseline 0.004 -3"><span class='ocrx_word' id='word_1_4' title='bbox 425 925 621 992; x_wconf 70' lang='lat' dir='ltr'>scurrus</span> <span class='ocrx_word' id='word_1_5' title='bbox 635 927 667 990; x_wconf 89' lang='lat' dir='ltr'>A</span> <span class='ocrx_word' id='word_1_6' title='bbox 685 927 901 994; x_wconf 81' lang='lat' dir='ltr'>POSSIDIO</span> <span class='ocrx_word' id='word_1_7' title='bbox 918 927 1146 994; x_wconf 85' lang='lat' dir='ltr'>EPISCOPO</span> 
     </span>
    </p>
   </div>
   <div class='ocr_carea' id='block_1_2' title="bbox 681 1063 892 1076">
    <p class='ocr_par' dir='ltr' id='par_1_2' title="bbox 681 1063 892 1076">
     <span class='ocr_line' id='line_1_3' title="bbox 681 1063 892 1076; baseline 0 -2"><span class='ocrx_word' id='word_1_8' title='bbox 681 1063 892 1076; x_wconf 70' lang='lat'>—-</span> 
     </span>
    </p>
   </div>
   <div class='ocr_carea' id='block_1_3' title="bbox 654 1128 919 1195">
    <p class='ocr_par' dir='ltr' id='par_1_3' title="bbox 654 1128 919 1195">
     <span class='ocr_line' id='line_1_4' title="bbox 654 1128 919 1195; baseline -0.011 0"><span class='ocrx_word' id='word_1_9' title='bbox 654 1128 919 1195; x_wconf 88' lang='lat' dir='ltr'><strong>PRAEFATIO</strong></span> 
     </span>
    </p>
   </div>
   <div class='ocr_carea' id='block_1_4' title="bbox 148 1276 1362 3371">
    <p class='ocr_par' dir='ltr' id='par_1_4' title="bbox 256 1276 1360 1360">
     <span class='ocr_line' id='line_1_5' title="bbox 256 1276 1360 1360; baseline 0.004 -20"><span class='ocrx_word' id='word_1_10' title='bbox 256 1276 439 1358; x_wconf 88' lang='lat' dir='ltr'>Inspirante</span> <span class='ocrx_word' id='word_1_11' title='bbox 460 1297 570 1342; x_wconf 90' lang='lat' dir='ltr'>rerum</span> <span class='ocrx_word' id='word_1_12' title='bbox 589 1279 737 1343; x_wconf 90' lang='lat' dir='ltr'>omnium</span> <span class='ocrx_word' id='word_1_13' title='bbox 758 1279 883 1343; x_wconf 84' lang='lat' dir='ltr'>factore</span> <span class='ocrx_word' id='word_1_14' title='bbox 905 1289 937 1343; x_wconf 85' lang='lat' dir='ltr'>et</span> <span class='ocrx_word' id='word_1_15' title='bbox 957 1279 1172 1360; x_wconf 85' lang='lat' dir='ltr'>gubernatore</span> <span class='ocrx_word' id='word_1_16' title='bbox 1194 1281 1275 1357; x_wconf 90' lang='lat' dir='ltr'>De0,</span> <span class='ocrx_word' id='word_1_17' title='bbox 1296 1277 1360 1344; x_wconf 91' lang='lat' dir='ltr'>mei</span> 
     </span>
    </p>

    <p class='ocr_par' dir='ltr' id='par_1_5' title="bbox 171 1378 1362 1858">
     <span class='ocr_line' id='line_1_6' title="bbox 171 1378 1361 1461; baseline -0.003 -13"><span class='ocrx_word' id='word_1_18' title='bbox 171 1380 187 1448; x_wconf 81' lang='lat'><strong>5</strong></span> <span class='ocrx_word' id='word_1_19' title='bbox 213 1398 338 1443; x_wconf 87' lang='lat' dir='ltr'>memor</span> <span class='ocrx_word' id='word_1_20' title='bbox 358 1378 526 1459; x_wconf 86' lang='lat' dir='ltr'>propositi,</span> <span class='ocrx_word' id='word_1_21' title='bbox 549 1399 613 1460; x_wconf 90' lang='lat' dir='ltr'>quo</span> <span class='ocrx_word' id='word_1_22' title='bbox 635 1399 694 1461; x_wconf 91' lang='lat' dir='ltr'>per</span> <span class='ocrx_word' id='word_1_23' title='bbox 713 1379 853 1460; x_wconf 82' lang='lat' dir='ltr'>gratiam</span> <span class='ocrx_word' id='word_1_24' title='bbox 875 1379 1065 1457; x_wconf 90' lang='lat' dir='ltr'>Salvatoris,</span> <span class='ocrx_word' id='word_1_25' title='bbox 1087 1380 1300 1461; x_wconf 84' lang='lat' dir='ltr'>omnipotenti</span> <span class='ocrx_word' id='word_1_26' title='bbox 1322 1401 1361 1444; x_wconf 92' lang='lat' dir='ltr'>ac</span> 
     </span>
     <span class='ocr_line' id='line_1_7' title="bbox 216 1477 1360 1561; baseline 0.002 -19"><span class='ocrx_word' id='word_1_27' title='bbox 216 1477 345 1543; x_wconf 87' lang='lat' dir='ltr'>divinae</span> <span class='ocrx_word' id='word_1_28' title='bbox 368 1478 522 1544; x_wconf 89' lang='lat' dir='ltr'>Trinitati</span> <span class='ocrx_word' id='word_1_29' title='bbox 547 1479 727 1561; x_wconf 88' lang='lat' dir='ltr'>perfidem</span> <span class='ocrx_word' id='word_1_30' title='bbox 750 1481 872 1544; x_wconf 88' lang='lat' dir='ltr'>servire</span> <span class='ocrx_word' id='word_1_31' title='bbox 897 1480 1034 1557; x_wconf 86' lang='lat' dir='ltr'>decrevi,</span> <span class='ocrx_word' id='word_1_32' title='bbox 1059 1490 1092 1545; x_wconf 90' lang='lat' dir='ltr'>et</span> <span class='ocrx_word' id='word_1_33' title='bbox 1116 1491 1212 1545; x_wconf 91' lang='lat' dir='ltr'>antea</span> <span class='ocrx_word' id='word_1_34' title='bbox 1236 1482 1269 1544; x_wconf 90' lang='lat' dir='ltr'>in</span> <span class='ocrx_word' id='word_1_35' title='bbox 1293 1482 1360 1546; x_wconf 92' lang='lat' dir='ltr'>vita</span> 
     </span>
     <span class='ocr_line' id='line_1_8' title="bbox 214 1578 1361 1663; baseline 0.002 -20"><span class='ocrx_word' id='word_1_36' title='bbox 214 1578 379 1655; x_wconf 83' lang='lat' dir='ltr'>laicorum,</span> <span class='ocrx_word' id='word_1_37' title='bbox 394 1590 426 1644; x_wconf 91' lang='lat' dir='ltr'>et</span> <span class='ocrx_word' id='word_1_38' title='bbox 438 1600 524 1643; x_wconf 90' lang='lat' dir='ltr'>nunc</span> <span class='ocrx_word' id='word_1_39' title='bbox 537 1580 571 1643; x_wconf 90' lang='lat' dir='ltr'>in</span> <span class='ocrx_word' id='word_1_40' title='bbox 585 1579 693 1644; x_wconf 89' lang='lat' dir='ltr'>officio</span> <span class='ocrx_word' id='word_1_41' title='bbox 705 1581 929 1663; x_wconf 90' lang='lat' dir='ltr'>episcoporum</span> <span class='ocrx_word' id='word_1_42' title='bbox 944 1579 1076 1646; x_wconf 88' lang='lat' dir='ltr'>studens</span> <span class='ocrx_word' id='word_1_43' title='bbox 1092 1602 1133 1644; x_wconf 87' lang='lat' dir='ltr'>ex</span> <span class='ocrx_word' id='word_1_44' title='bbox 1146 1581 1361 1663; x_wconf 85' lang='lat' dir='ltr'>qualicunque</span> 
     </span>
     <span class='ocr_line' id='line_1_9' title="bbox 213 1679 1361 1763; baseline 0.001 -18"><span class='ocrx_word' id='word_1_45' title='bbox 213 1690 346 1761; x_wconf 89' lang='lat' dir='ltr'>accepto</span> <span class='ocrx_word' id='word_1_46' title='bbox 370 1679 499 1762; x_wconf 89' lang='lat' dir='ltr'>ingenio</span> <span class='ocrx_word' id='word_1_47' title='bbox 523 1690 555 1744; x_wconf 89' lang='lat' dir='ltr'>et</span> <span class='ocrx_word' id='word_1_48' title='bbox 578 1701 726 1746; x_wconf 86' lang='lat' dir='ltr'>sermone</span> <span class='ocrx_word' id='word_1_49' title='bbox 749 1680 967 1747; x_wconf 86' lang='lat' dir='ltr'>aedificationi</span> <span class='ocrx_word' id='word_1_50' title='bbox 990 1680 1145 1763; x_wconf 88' lang='lat' dir='ltr'>prodesse</span> <span class='ocrx_word' id='word_1_51' title='bbox 1169 1691 1298 1746; x_wconf 89' lang='lat' dir='ltr'>sanctae</span> <span class='ocrx_word' id='word_1_52' title='bbox 1323 1702 1361 1746; x_wconf 91' lang='lat' dir='ltr'>ac</span> 
     </span>
     <span class='ocr_line' id='line_1_10' title="bbox 214 1779 1362 1858; baseline 0.003 -14"><span class='ocrx_word' id='word_1_53' title='bbox 214 1800 310 1845; x_wconf 87' lang='lat' dir='ltr'>verae</span> <span class='ocrx_word' id='word_1_54' title='bbox 329 1779 451 1844; x_wconf 85' lang='lat' dir='ltr'>Christi</span> <span class='ocrx_word' id='word_1_55' title='bbox 470 1781 602 1845; x_wconf 90' lang='lat' dir='ltr'>Domini</span> <span class='ocrx_word' id='word_1_56' title='bbox 623 1781 808 1846; x_wconf 89' lang='lat' dir='ltr'>Catholicae</span> <span class='ocrx_word' id='word_1_57' title='bbox 827 1781 1000 1858; x_wconf 89' lang='lat' dir='ltr'>Ecclesiae,</span> <span class='ocrx_word' id='word_1_58' title='bbox 1020 1781 1061 1849; x_wconf 89' lang='lat' dir='ltr'>de</span> <span class='ocrx_word' id='word_1_59' title='bbox 1079 1783 1148 1846; x_wconf 90' lang='lat' dir='ltr'>vita</span> <span class='ocrx_word' id='word_1_60' title='bbox 1166 1795 1197 1848; x_wconf 89' lang='lat' dir='ltr'>et</span> <span class='ocrx_word' id='word_1_61' title='bbox 1215 1783 1362 1847; x_wconf 89' lang='lat' dir='ltr'>moribus</span> 
     </span>
    </p>

    <p class='ocr_par' dir='ltr' id='par_1_6' title="bbox 151 1879 1361 2366">
     <span class='ocr_line' id='line_1_11' title="bbox 151 1879 1360 1964; baseline 0.003 -22"><span class='ocrx_word' id='word_1_62' title='bbox 151 1901 188 1950; x_wconf 79' lang='grc' dir='ltr'>ιο</span> <span class='ocrx_word' id='word_1_63' title='bbox 214 1879 447 1962; x_wconf 87' lang='lat' dir='ltr'>praedestinati</span> <span class='ocrx_word' id='word_1_64' title='bbox 476 1891 509 1946; x_wconf 88' lang='lat' dir='ltr'>et</span> <span class='ocrx_word' id='word_1_65' title='bbox 541 1901 603 1948; x_wconf 79' lang='lat' dir='ltr'>suo</span> <span class='ocrx_word' id='word_1_66' title='bbox 631 1892 777 1963; x_wconf 82' lang='lat' dir='ltr'>ternpore</span> <span class='ocrx_word' id='word_1_67' title='bbox 807 1883 1004 1964; x_wconf 82' lang='lat' dir='ltr'>praesentati</span> <span class='ocrx_word' id='word_1_68' title='bbox 1036 1883 1215 1947; x_wconf 90' lang='lat' dir='ltr'>sacerdotis</span> <span class='ocrx_word' id='word_1_69' title='bbox 1246 1883 1360 1964; x_wconf 90' lang='lat' dir='ltr'>optimi</span> 
     </span>
     <span class='ocr_line' id='line_1_12' title="bbox 214 1979 1361 2063; baseline 0.001 -19"><span class='ocrx_word' id='word_1_70' title='bbox 214 1979 401 2063; x_wconf 84' lang='lat' dir='ltr'>Augustini,</span> <span class='ocrx_word' id='word_1_71' title='bbox 422 2001 504 2062; x_wconf 91' lang='lat' dir='ltr'>quae</span> <span class='ocrx_word' id='word_1_72' title='bbox 525 1980 558 2046; x_wconf 90' lang='lat' dir='ltr'>in</span> <span class='ocrx_word' id='word_1_73' title='bbox 577 1981 693 2047; x_wconf 91' lang='lat' dir='ltr'>eodem</span> <span class='ocrx_word' id='word_1_74' title='bbox 712 1982 788 2058; x_wconf 91' lang='lat' dir='ltr'>vidi,</span> <span class='ocrx_word' id='word_1_75' title='bbox 809 1984 848 2048; x_wconf 91' lang='lat' dir='ltr'>ab</span> <span class='ocrx_word' id='word_1_76' title='bbox 868 2003 971 2063; x_wconf 88' lang='lat' dir='ltr'>eoque</span> <span class='ocrx_word' id='word_1_77' title='bbox 990 1983 1120 2061; x_wconf 84' lang='lat' dir='ltr'>audivi,</span> <span class='ocrx_word' id='word_1_78' title='bbox 1132 1983 1265 2048; x_wconf 89' lang='lat' dir='ltr'>minime</span> <span class='ocrx_word' id='word_1_79' title='bbox 1285 1984 1361 2048; x_wconf 89' lang='lat' dir='ltr'>reti-</span> 
     </span>
     <span class='ocr_line' id='line_1_13' title="bbox 213 2081 1361 2166; baseline 0.001 -21"><span class='ocrx_word' id='word_1_80' title='bbox 213 2101 296 2145; x_wconf 88' lang='lat' dir='ltr'>cere.</span> <span class='ocrx_word' id='word_1_81' title='bbox 337 2081 377 2148; x_wconf 97' lang='lat' dir='ltr'>Id</span> <span class='ocrx_word' id='word_1_82' title='bbox 396 2081 482 2146; x_wconf 88' lang='lat' dir='ltr'>enim</span> <span class='ocrx_word' id='word_1_83' title='bbox 500 2083 598 2147; x_wconf 88' lang='lat' dir='ltr'>etiam</span> <span class='ocrx_word' id='word_1_84' title='bbox 616 2094 690 2147; x_wconf 90' lang='lat' dir='ltr'>ante</span> <span class='ocrx_word' id='word_1_85' title='bbox 710 2104 769 2147; x_wconf 90' lang='lat' dir='ltr'>nos</span> <span class='ocrx_word' id='word_1_86' title='bbox 790 2082 977 2147; x_wconf 77' lang='lat' dir='ltr'>factitatum</span> <span class='ocrx_word' id='word_1_87' title='bbox 996 2083 1100 2150; x_wconf 81' lang='lat' dir='ltr'>fuisse</span> <span class='ocrx_word' id='word_1_88' title='bbox 1119 2104 1139 2146; x_wconf 88' lang='lat' dir='ltr'>a</span> <span class='ocrx_word' id='word_1_89' title='bbox 1159 2083 1361 2166; x_wconf 86' lang='lat' dir='ltr'>religiosissi-</span> 
     </span>
     <span class='ocr_line' id='line_1_14' title="bbox 211 2181 1361 2266; baseline 0.002 -21"><span class='ocrx_word' id='word_1_90' title='bbox 211 2181 276 2246; x_wconf 80' lang='lat' dir='ltr'>&#39;mis</span> <span class='ocrx_word' id='word_1_91' title='bbox 297 2192 426 2247; x_wconf 89' lang='lat' dir='ltr'>sanctae</span> <span class='ocrx_word' id='word_1_92' title='bbox 444 2184 557 2247; x_wconf 90' lang='lat' dir='ltr'>matris</span> <span class='ocrx_word' id='word_1_93' title='bbox 578 2183 741 2247; x_wconf 88' lang='lat' dir='ltr'>Ecclesiae</span> <span class='ocrx_word' id='word_1_94' title='bbox 762 2183 946 2249; x_wconf 88' lang='lat' dir='ltr'>Catholicae</span> <span class='ocrx_word' id='word_1_95' title='bbox 966 2183 1044 2248; x_wconf 91' lang='lat' dir='ltr'>viris</span> <span class='ocrx_word' id='word_1_96' title='bbox 1063 2182 1200 2266; x_wconf 89' lang='lat' dir='ltr'>legimus</span> <span class='ocrx_word' id='word_1_97' title='bbox 1222 2195 1255 2249; x_wconf 89' lang='lat' dir='ltr'>et</span> <span class='ocrx_word' id='word_1_98' title='bbox 1275 2205 1361 2248; x_wconf 90' lang='lat' dir='ltr'>com-</span> 
     </span>
     <span class='ocr_line' id='line_1_15' title="bbox 213 2282 1361 2366; baseline 0.002 -22"><span class='ocrx_word' id='word_1_99' title='bbox 213 2282 367 2364; x_wconf 66' lang='lat' dir='ltr'>perimus</span> <span class='ocrx_word' id='word_1_100' title='bbox 384 2282 439 2364; x_wconf 93' lang='lat' dir='ltr'>qui</span> <span class='ocrx_word' id='word_1_101' title='bbox 456 2283 567 2347; x_wconf 91' lang='lat' dir='ltr'>divino</span> <span class='ocrx_word' id='word_1_102' title='bbox 582 2283 679 2348; x_wconf 88' lang='lat' dir='ltr'>afflati</span> <span class='ocrx_word' id='word_1_103' title='bbox 698 2283 832 2365; x_wconf 88' lang='lat' dir='ltr'>Spiritu,</span> <span class='ocrx_word' id='word_1_104' title='bbox 849 2305 997 2350; x_wconf 91' lang='lat' dir='ltr'>sermone</span> <span class='ocrx_word' id='word_1_105' title='bbox 1013 2285 1147 2366; x_wconf 88' lang='lat' dir='ltr'>proprio</span> <span class='ocrx_word' id='word_1_106' title='bbox 1163 2295 1261 2364; x_wconf 87' lang='lat' dir='ltr'>atque</span> <span class='ocrx_word' id='word_1_107' title='bbox 1277 2285 1361 2362; x_wconf 91' lang='lat' dir='ltr'>stilo,</span> 
     </span>
    </p>

    <p class='ocr_par' dir='ltr' id='par_1_7' title="bbox 150 2378 1362 2666">
     <span class='ocr_line' id='line_1_16' title="bbox 150 2378 1362 2464; baseline -0.001 -17"><span class='ocrx_word' id='word_1_108' title='bbox 150 2396 186 2464; x_wconf 80' lang='lat'>15</span> <span class='ocrx_word' id='word_1_109' title='bbox 214 2393 246 2447; x_wconf 93' lang='lat' dir='ltr'>et</span> <span class='ocrx_word' id='word_1_110' title='bbox 261 2383 394 2446; x_wconf 89' lang='lat' dir='ltr'>auribus</span> <span class='ocrx_word' id='word_1_111' title='bbox 411 2378 447 2448; x_wconf 84' lang='lat' dir='ltr'>et¹</span> <span class='ocrx_word' id='word_1_112' title='bbox 459 2383 560 2448; x_wconf 90' lang='lat' dir='ltr'>oculis</span> <span class='ocrx_word' id='word_1_113' title='bbox 578 2383 660 2448; x_wconf 89' lang='lat' dir='ltr'>scire</span> <span class='ocrx_word' id='word_1_114' title='bbox 676 2384 863 2461; x_wconf 86' lang='lat' dir='ltr'>volentium,</span> <span class='ocrx_word' id='word_1_115' title='bbox 881 2383 1019 2451; x_wconf 90' lang='lat' dir='ltr'>dicendo</span> <span class='ocrx_word' id='word_1_116' title='bbox 1037 2395 1069 2450; x_wconf 90' lang='lat' dir='ltr'>et</span> <span class='ocrx_word' id='word_1_117' title='bbox 1086 2384 1255 2450; x_wconf 90' lang='lat' dir='ltr'>scribendo</span> <span class='ocrx_word' id='word_1_118' title='bbox 1274 2384 1362 2448; x_wconf 90' lang='lat' dir='ltr'>simi-</span> 
     </span>
     <span class='ocr_line' id='line_1_17' title="bbox 213 2481 1362 2566; baseline 0.002 -22"><span class='ocrx_word' id='word_1_119' title='bbox 213 2481 266 2559; x_wconf 90' lang='lat' dir='ltr'>lia,</span> <span class='ocrx_word' id='word_1_120' title='bbox 290 2481 511 2547; x_wconf 89' lang='lat' dir='ltr'>studiosorum</span> <span class='ocrx_word' id='word_1_121' title='bbox 532 2484 666 2549; x_wconf 90' lang='lat' dir='ltr'>notitiae</span> <span class='ocrx_word' id='word_1_122' title='bbox 689 2485 877 2561; x_wconf 90' lang='lat' dir='ltr'>intulerunt,</span> <span class='ocrx_word' id='word_1_123' title='bbox 900 2483 1011 2565; x_wconf 89' lang='lat' dir='ltr'>quales</span> <span class='ocrx_word' id='word_1_124' title='bbox 1035 2483 1211 2566; x_wconf 91' lang='lat' dir='ltr'>quantique</span> <span class='ocrx_word' id='word_1_125' title='bbox 1234 2484 1297 2548; x_wconf 88' lang='lat' dir='ltr'>viri</span> <span class='ocrx_word' id='word_1_126' title='bbox 1320 2505 1362 2549; x_wconf 87' lang='lat' dir='ltr'>ex</span> 
     </span>
     <span class='ocr_line' id='line_1_18' title="bbox 214 2584 1362 2666; baseline 0.003 -20"><span class='ocrx_word' id='word_1_127' title='bbox 214 2584 377 2648; x_wconf 91' lang='lat' dir='ltr'>communi</span> <span class='ocrx_word' id='word_1_128' title='bbox 395 2584 565 2649; x_wconf 89' lang='lat' dir='ltr'>Dominica</span> <span class='ocrx_word' id='word_1_129' title='bbox 580 2585 687 2666; x_wconf 88' lang='lat' dir='ltr'>gratia</span> <span class='ocrx_word' id='word_1_130' title='bbox 704 2585 737 2648; x_wconf 91' lang='lat' dir='ltr'>in</span> <span class='ocrx_word' id='word_1_131' title='bbox 754 2585 850 2650; x_wconf 89' lang='lat' dir='ltr'>rebus</span> <span class='ocrx_word' id='word_1_132' title='bbox 867 2586 1018 2650; x_wconf 89' lang='lat' dir='ltr'>humanis</span> <span class='ocrx_word' id='word_1_133' title='bbox 1035 2595 1068 2650; x_wconf 91' lang='lat' dir='ltr'>et</span> <span class='ocrx_word' id='word_1_134' title='bbox 1084 2585 1194 2650; x_wconf 91' lang='lat' dir='ltr'>vivere</span> <span class='ocrx_word' id='word_1_135' title='bbox 1210 2594 1243 2650; x_wconf 90' lang='lat' dir='ltr'>et</span> <span class='ocrx_word' id='word_1_136' title='bbox 1259 2604 1362 2666; x_wconf 89' lang='lat' dir='ltr'>usque</span> 
     </span>
    </p>

    <p class='ocr_par' dir='ltr' id='par_1_8' title="bbox 148 2685 1362 3371">
     <span class='ocr_line' id='line_1_19' title="bbox 214 2685 1362 2769; baseline 0.003 -22"><span class='ocrx_word' id='word_1_137' title='bbox 214 2685 248 2748; x_wconf 90' lang='lat' dir='ltr'>in</span> <span class='ocrx_word' id='word_1_138' title='bbox 269 2685 369 2750; x_wconf 89' lang='lat' dir='ltr'>finem</span> <span class='ocrx_word' id='word_1_139' title='bbox 389 2685 497 2750; x_wconf 90' lang='lat' dir='ltr'>obitus</span> <span class='ocrx_word' id='word_1_140' title='bbox 518 2707 727 2768; x_wconf 88' lang='lat' dir='ltr'>perseverare</span> <span class='ocrx_word' id='word_1_141' title='bbox 749 2698 947 2764; x_wconf 85' lang='lat' dir='ltr'>meruerunt.</span> <span class='ocrx_word' id='word_1_142' title='bbox 991 2687 1120 2753; x_wconf 84' lang='lat' dir='ltr'>Idcirco</span> <span class='ocrx_word' id='word_1_143' title='bbox 1142 2689 1211 2769; x_wconf 88' lang='lat' dir='ltr'>ipse</span> <span class='ocrx_word' id='word_1_144' title='bbox 1234 2706 1362 2767; x_wconf 91' lang='lat' dir='ltr'>quoque</span> 
     </span>
     <span class='ocr_line' id='line_1_20' title="bbox 214 2785 1362 2868; baseline -0.001 -17"><span class='ocrx_word' id='word_1_145' title='bbox 214 2785 476 2868; x_wconf 90' lang='lat' dir='ltr'>dispensatorum</span> <span class='ocrx_word' id='word_1_146' title='bbox 497 2787 643 2851; x_wconf 90' lang='lat' dir='ltr'>omnium</span> <span class='ocrx_word' id='word_1_147' title='bbox 664 2787 828 2866; x_wconf 90' lang='lat' dir='ltr'>minimus,</span> <span class='ocrx_word' id='word_1_148' title='bbox 850 2787 915 2852; x_wconf 87' lang='lat' dir='ltr'>fide</span> <span class='ocrx_word' id='word_1_149' title='bbox 937 2809 1003 2851; x_wconf 91' lang='lat' dir='ltr'>non</span> <span class='ocrx_word' id='word_1_150' title='bbox 1025 2788 1111 2866; x_wconf 85' lang='lat' dir='ltr'>ficta,</span> <span class='ocrx_word' id='word_1_151' title='bbox 1134 2807 1198 2868; x_wconf 93' lang='lat' dir='ltr'>qua</span> <span class='ocrx_word' id='word_1_152' title='bbox 1220 2788 1362 2851; x_wconf 90' lang='lat' dir='ltr'>Domino</span> 
     </span>
     <span class='ocr_line' id='line_1_21' title="bbox 148 2885 1362 2969; baseline 0.002 -22"><span class='ocrx_word' id='word_1_153' title='bbox 148 2899 189 2948; x_wconf 88' lang='lat'>20</span> <span class='ocrx_word' id='word_1_154' title='bbox 214 2885 452 2952; x_wconf 87' lang='lat' dir='ltr'>dominantium</span> <span class='ocrx_word' id='word_1_155' title='bbox 472 2887 683 2968; x_wconf 89' lang='lat' dir='ltr'>omnibusque</span> <span class='ocrx_word' id='word_1_156' title='bbox 703 2888 797 2952; x_wconf 88' lang='lat' dir='ltr'>bonis</span> <span class='ocrx_word' id='word_1_157' title='bbox 819 2888 1026 2952; x_wconf 88' lang='lat' dir='ltr'>serviendum</span> <span class='ocrx_word' id='word_1_158' title='bbox 1047 2898 1079 2952; x_wconf 89' lang='lat' dir='ltr'>et</span> <span class='ocrx_word' id='word_1_159' title='bbox 1099 2887 1293 2969; x_wconf 90' lang='lat' dir='ltr'>placendum</span> <span class='ocrx_word' id='word_1_160' title='bbox 1313 2897 1362 2952; x_wconf 91' lang='lat' dir='ltr'>est</span> 
     </span>
     <span class='ocr_line' id='line_1_22' title="bbox 214 2985 1362 3069; baseline 0.003 -19"><span class='ocrx_word' id='word_1_161' title='bbox 214 2985 372 3064; x_wconf 88' lang='lat' dir='ltr'>fidelibus,</span> <span class='ocrx_word' id='word_1_162' title='bbox 392 2989 431 3054; x_wconf 95' lang='lat' dir='ltr'>de</span> <span class='ocrx_word' id='word_1_163' title='bbox 449 2988 605 3068; x_wconf 88' lang='lat' dir='ltr'>praedicti</span> <span class='ocrx_word' id='word_1_164' title='bbox 623 2988 815 3053; x_wconf 88' lang='lat' dir='ltr'>venerabilis</span> <span class='ocrx_word' id='word_1_165' title='bbox 834 2989 896 3052; x_wconf 91' lang='lat' dir='ltr'>viri</span> <span class='ocrx_word' id='word_1_166' title='bbox 915 2999 948 3052; x_wconf 89' lang='lat' dir='ltr'>et</span> <span class='ocrx_word' id='word_1_167' title='bbox 965 2999 1083 3052; x_wconf 85' lang='lat' dir='ltr'>exortu</span> <span class='ocrx_word' id='word_1_168' title='bbox 1101 2999 1134 3054; x_wconf 89' lang='lat' dir='ltr'>et</span> <span class='ocrx_word' id='word_1_169' title='bbox 1152 3007 1311 3069; x_wconf 90' lang='lat' dir='ltr'>procursu</span> <span class='ocrx_word' id='word_1_170' title='bbox 1330 2998 1362 3053; x_wconf 90' lang='lat' dir='ltr'>et</span> 
     </span>
     <span class='ocr_line' id='line_1_23' title="bbox 214 3085 1361 3170; baseline 0 -20"><span class='ocrx_word' id='word_1_171' title='bbox 214 3085 323 3153; x_wconf 90' lang='lat' dir='ltr'>debito</span> <span class='ocrx_word' id='word_1_172' title='bbox 342 3088 430 3165; x_wconf 81' lang='lat' dir='ltr'>line,1</span> <span class='ocrx_word' id='word_1_173' title='bbox 449 3109 531 3170; x_wconf 92' lang='lat' dir='ltr'>quae</span> <span class='ocrx_word' id='word_1_174' title='bbox 549 3110 607 3170; x_wconf 91' lang='lat' dir='ltr'>per</span> <span class='ocrx_word' id='word_1_175' title='bbox 626 3109 700 3152; x_wconf 90' lang='lat' dir='ltr'>eum</span> <span class='ocrx_word' id='word_1_176' title='bbox 719 3087 816 3153; x_wconf 89' lang='lat' dir='ltr'>didici</span> <span class='ocrx_word' id='word_1_177' title='bbox 834 3100 867 3153; x_wconf 91' lang='lat' dir='ltr'>et</span> <span class='ocrx_word' id='word_1_178' title='bbox 887 3099 1041 3169; x_wconf 88' lang='lat' dir='ltr'>expertus</span> <span class='ocrx_word' id='word_1_179' title='bbox 1061 3108 1143 3166; x_wconf 90' lang='lat' dir='ltr'>sum,</span> <span class='ocrx_word' id='word_1_180' title='bbox 1164 3087 1361 3169; x_wconf 90' lang='lat' dir='ltr'>quampluri-</span> 
     </span>
     <span class='ocr_line' id='line_1_24' title="bbox 214 3187 1361 3266; baseline 0.001 -16"><span class='ocrx_word' id='word_1_181' title='bbox 214 3187 277 3250; x_wconf 91' lang='lat' dir='ltr'>mis</span> <span class='ocrx_word' id='word_1_182' title='bbox 300 3189 392 3253; x_wconf 88' lang='lat' dir='ltr'>annis</span> <span class='ocrx_word' id='word_1_183' title='bbox 416 3188 485 3254; x_wconf 90' lang='lat' dir='ltr'>eius</span> <span class='ocrx_word' id='word_1_184' title='bbox 510 3189 680 3254; x_wconf 89' lang='lat' dir='ltr'>inhaerens</span> <span class='ocrx_word' id='word_1_185' title='bbox 705 3189 842 3266; x_wconf 82' lang='lat' dir='ltr'>caritati,</span> <span class='ocrx_word' id='word_1_186' title='bbox 866 3199 903 3253; x_wconf 90' lang='lat' dir='ltr'>ut</span> <span class='ocrx_word' id='word_1_187' title='bbox 926 3189 1087 3255; x_wconf 90' lang='lat' dir='ltr'>Dominus</span> <span class='ocrx_word' id='word_1_188' title='bbox 1111 3187 1281 3254; x_wconf 89' lang='lat' dir='ltr'>donaverit</span> <span class='ocrx_word' id='word_1_189' title='bbox 1306 3210 1361 3254; x_wconf 91' lang='lat' dir='ltr'>ex-</span> 
     </span>
     <span class='ocr_line' id='line_1_25' title="bbox 214 3288 1362 3371; baseline 0.002 -20"><span class='ocrx_word' id='word_1_190' title='bbox 214 3288 401 3369; x_wconf 89' lang='lat' dir='ltr'>plicandum</span> <span class='ocrx_word' id='word_1_191' title='bbox 420 3289 555 3371; x_wconf 88' lang='lat' dir='ltr'>suscepi.</span> <span class='ocrx_word' id='word_1_192' title='bbox 598 3290 723 3354; x_wconf 92' lang='lat' dir='ltr'>Verum</span> <span class='ocrx_word' id='word_1_193' title='bbox 744 3309 903 3355; x_wconf 89' lang='lat' dir='ltr'>summam</span> <span class='ocrx_word' id='word_1_194' title='bbox 924 3309 1044 3371; x_wconf 89' lang='lat' dir='ltr'>quaeso</span> <span class='ocrx_word' id='word_1_195' title='bbox 1065 3289 1276 3366; x_wconf 88' lang='lat' dir='ltr'>maiestatem,</span> <span class='ocrx_word' id='word_1_196' title='bbox 1297 3308 1362 3370; x_wconf 93' lang='lat' dir='ltr'>quo</span> 
     </span>
    </p>
   </div>
   <div class='ocr_carea' id='block_1_5' title="bbox 213 3488 1364 3980">
    <p class='ocr_par' dir='ltr' id='par_1_9' title="bbox 213 3488 1364 3980">
     <span class='ocr_line' id='line_1_26' title="bbox 248 3488 1362 3559; baseline -0.003 -15"><span class='ocrx_word' id='word_1_197' title='bbox 248 3489 552 3559; x_wconf 81' lang='lat' dir='ltr'>4Inspirante....4o,</span> <span class='ocrx_word' id='word_1_198' title='bbox 583 3502 613 3556; x_wconf 85' lang='lat'>15</span> <span class='ocrx_word' id='word_1_199' title='bbox 640 3488 828 3546; x_wconf 80' lang='lat' dir='ltr'>honorificum</span> <span class='ocrx_word' id='word_1_200' title='bbox 855 3499 899 3546; x_wconf 91' lang='lat' dir='ltr'>est</span> <span class='ocrx_word' id='word_1_201' title='bbox 926 3509 980 3546; x_wconf 88' lang='lat' dir='ltr'>om.</span> <span class='ocrx_word' id='word_1_202' title='bbox 1006 3490 1046 3557; x_wconf 83' lang='lat' dir='ltr'>Jj,</span> <span class='ocrx_word' id='word_1_203' title='bbox 1073 3488 1233 3555; x_wconf 85' lang='lat' dir='ltr'>Inspirante</span> <span class='ocrx_word' id='word_1_204' title='bbox 1260 3492 1301 3554; x_wconf 84' lang='lat'>60,</span> <span class='ocrx_word' id='word_1_205' title='bbox 1329 3501 1362 3552; x_wconf 84' lang='lat'>23</span> 
     </span>
     <span class='ocr_line' id='line_1_27' title="bbox 214 3559 1363 3628; baseline -0.001 -13"><span class='ocrx_word' id='word_1_206' title='bbox 214 3561 357 3617; x_wconf 80' lang='lat' dir='ltr'>iaciebant</span> <span class='ocrx_word' id='word_1_207' title='bbox 393 3578 447 3616; x_wconf 91' lang='lat' dir='ltr'>om.</span> <span class='ocrx_word' id='word_1_208' title='bbox 483 3559 508 3616; x_wconf 89' lang='lat' dir='ltr'><strong><em>G</em></strong></span> <span class='ocrx_word' id='word_1_209' title='bbox 585 3574 608 3628; x_wconf 88' lang='lat'>·5</span> <span class='ocrx_word' id='word_1_210' title='bbox 643 3561 844 3626; x_wconf 87' lang='lat' dir='ltr'>omnipotentis</span> <span class='ocrx_word' id='word_1_211' title='bbox 882 3560 1015 3627; x_wconf 82' lang='lat' dir='ltr'>CDF*H,</span> <span class='ocrx_word' id='word_1_212' title='bbox 1050 3561 1270 3628; x_wconf 89' lang='lat' dir='ltr'>omnipotentiae</span> <span class='ocrx_word' id='word_1_213' title='bbox 1306 3560 1363 3626; x_wconf 85' lang='lat' dir='ltr'>KQ</span> 
     </span>
     <span class='ocr_line' id='line_1_28' title="bbox 213 3630 1364 3700; baseline -0.003 -11"><span class='ocrx_word' id='word_1_214' title='bbox 213 3635 231 3689; x_wconf 90' lang='lat'><strong>6</strong></span> <span class='ocrx_word' id='word_1_215' title='bbox 242 3633 376 3689; x_wconf 83' lang='lat' dir='ltr'>trinitatis</span> <span class='ocrx_word' id='word_1_216' title='bbox 389 3633 414 3688; x_wconf 85' lang='lat' dir='ltr'>C</span> <span class='ocrx_word' id='word_1_217' title='bbox 415 3633 450 3699; x_wconf 86' lang='lat' dir='ltr'>Q,</span> <span class='ocrx_word' id='word_1_218' title='bbox 462 3650 512 3699; x_wconf 89' lang='lat' dir='ltr'>per</span> <span class='ocrx_word' id='word_1_219' title='bbox 524 3630 608 3688; x_wconf 90' lang='lat' dir='ltr'>fidem</span> <span class='ocrx_word' id='word_1_220' title='bbox 622 3633 755 3690; x_wconf 86' lang='lat' dir='ltr'>trinitatis</span> <span class='ocrx_word' id='word_1_221' title='bbox 767 3634 828 3700; x_wconf 90' lang='lat' dir='ltr'>DF,</span> <span class='ocrx_word' id='word_1_222' title='bbox 841 3651 893 3700; x_wconf 87' lang='lat' dir='ltr'>per</span> <span class='ocrx_word' id='word_1_223' title='bbox 905 3633 989 3688; x_wconf 89' lang='lat' dir='ltr'>fidem</span> <span class='ocrx_word' id='word_1_224' title='bbox 1001 3632 1123 3690; x_wconf 79' lang='lat' dir='ltr'>trinitati</span> <span class='ocrx_word' id='word_1_225' title='bbox 1136 3633 1191 3688; x_wconf 82' lang='lat' dir='ltr'>edd</span> <span class='ocrx_word' id='word_1_226' title='bbox 1258 3633 1275 3688; x_wconf 90' lang='lat'><em>8</em></span> <span class='ocrx_word' id='word_1_227' title='bbox 1287 3631 1364 3687; x_wconf 90' lang='lat' dir='ltr'>aedi·</span> 
     </span>
     <span class='ocr_line' id='line_1_29' title="bbox 214 3703 1362 3772; baseline -0.004 -10"><span class='ocrx_word' id='word_1_228' title='bbox 214 3705 354 3763; x_wconf 86' lang='lat' dir='ltr'>ficationis</span> <span class='ocrx_word' id='word_1_229' title='bbox 376 3707 539 3763; x_wconf 87' lang='lat' dir='ltr'>CFHKNP</span> <span class='ocrx_word' id='word_1_230' title='bbox 627 3721 699 3772; x_wconf 87' lang='lat' dir='ltr'>9ac</span> <span class='ocrx_word' id='word_1_231' title='bbox 716 3707 750 3760; x_wconf 90' lang='lat' dir='ltr'><em>H</em></span> <span class='ocrx_word' id='word_1_232' title='bbox 768 3707 820 3762; x_wconf 86' lang='lat' dir='ltr'>Sol</span> <span class='ocrx_word' id='word_1_233' title='bbox 912 3719 941 3760; x_wconf 90' lang='lat'>11</span> <span class='ocrx_word' id='word_1_234' title='bbox 963 3704 1079 3760; x_wconf 90' lang='lat' dir='ltr'>minime</span> <span class='ocrx_word' id='word_1_235' title='bbox 1099 3703 1229 3770; x_wconf 87' lang='lat' dir='ltr'>reticere]</span> <span class='ocrx_word' id='word_1_236' title='bbox 1253 3703 1362 3758; x_wconf 83' lang='lat' dir='ltr'>ABDE</span> 
     </span>
     <span class='ocr_line' id='line_1_30' title="bbox 215 3772 1364 3844; baseline -0.007 -12"><span class='ocrx_word' id='word_1_237' title='bbox 215 3777 409 3844; x_wconf 73' lang='lat' dir='ltr'>FHKdeyr,</span> <span class='ocrx_word' id='word_1_238' title='bbox 429 3775 551 3831; x_wconf 88' lang='lat' dir='ltr'>reticebo</span> <span class='ocrx_word' id='word_1_239' title='bbox 570 3775 623 3840; x_wconf 86' lang='lat' dir='ltr'>D*,</span> <span class='ocrx_word' id='word_1_240' title='bbox 644 3775 770 3840; x_wconf 88' lang='lat' dir='ltr'>disposui</span> <span class='ocrx_word' id='word_1_241' title='bbox 790 3773 905 3829; x_wconf 90' lang='lat' dir='ltr'>minime</span> <span class='ocrx_word' id='word_1_242' title='bbox 927 3773 1037 3829; x_wconf 88' lang='lat' dir='ltr'>reticeri</span> <span class='ocrx_word' id='word_1_243' title='bbox 1058 3774 1090 3839; x_wconf 87' lang='lat' dir='ltr'>C,</span> <span class='ocrx_word' id='word_1_244' title='bbox 1110 3772 1225 3828; x_wconf 90' lang='lat' dir='ltr'>minime</span> <span class='ocrx_word' id='word_1_245' title='bbox 1246 3772 1364 3827; x_wconf 90' lang='lat' dir='ltr'>reticere</span> 
     </span>
     <span class='ocr_line' id='line_1_31' title="bbox 213 3839 1361 3921; baseline -0.004 -19"><span class='ocrx_word' id='word_1_246' title='bbox 213 3845 341 3912; x_wconf 89' lang='lat' dir='ltr'>disposui</span> <span class='ocrx_word' id='word_1_247' title='bbox 356 3865 379 3912; x_wconf 83' lang='lat' dir='ltr'>e,</span> <span class='ocrx_word' id='word_1_248' title='bbox 394 3844 510 3902; x_wconf 87' lang='lat' dir='ltr'>minime</span> <span class='ocrx_word' id='word_1_249' title='bbox 522 3843 641 3900; x_wconf 89' lang='lat' dir='ltr'>reticere</span> <span class='ocrx_word' id='word_1_250' title='bbox 656 3843 741 3900; x_wconf 87' lang='lat' dir='ltr'>statui</span> <span class='ocrx_word' id='word_1_251' title='bbox 756 3845 811 3910; x_wconf 83' lang='lat' dir='ltr'>hlq,</span> <span class='ocrx_word' id='word_1_252' title='bbox 826 3843 941 3898; x_wconf 89' lang='lat' dir='ltr'>minime</span> <span class='ocrx_word' id='word_1_253' title='bbox 956 3843 1073 3898; x_wconf 89' lang='lat' dir='ltr'>reticere</span> <span class='ocrx_word' id='word_1_254' title='bbox 1087 3840 1179 3907; x_wconf 80' lang='lat' dir='ltr'>delegi</span> <span class='ocrx_word' id='word_1_255' title='bbox 1194 3861 1231 3906; x_wconf 86' lang='lat' dir='ltr'>m,</span> <span class='ocrx_word' id='word_1_256' title='bbox 1246 3839 1361 3921; x_wconf 81' lang='lat' dir='ltr'>minime</span> 
     </span>
     <span class='ocr_line' id='line_1_32' title="bbox 214 3912 1363 3980; baseline -0.011 -6"><span class='ocrx_word' id='word_1_257' title='bbox 214 3918 331 3974; x_wconf 87' lang='lat' dir='ltr'>reticere</span> <span class='ocrx_word' id='word_1_258' title='bbox 344 3917 421 3972; x_wconf 92' lang='lat' dir='ltr'>volui</span> <span class='ocrx_word' id='word_1_259' title='bbox 434 3923 480 3980; x_wconf 65' lang='grc' dir='ltr'>ηρ,</span> <span class='ocrx_word' id='word_1_260' title='bbox 492 3915 606 3970; x_wconf 90' lang='lat' dir='ltr'>minime</span> <span class='ocrx_word' id='word_1_261' title='bbox 618 3916 709 3970; x_wconf 86' lang='lat' dir='ltr'>audeo</span> <span class='ocrx_word' id='word_1_262' title='bbox 724 3915 840 3970; x_wconf 87' lang='lat' dir='ltr'>reticere</span> <span class='ocrx_word' id='word_1_263' title='bbox 855 3933 880 3979; x_wconf 92' lang='lat'>0,</span> <span class='ocrx_word' id='word_1_264' title='bbox 894 3913 1009 3968; x_wconf 89' lang='lat' dir='ltr'>minime</span> <span class='ocrx_word' id='word_1_265' title='bbox 1020 3922 1090 3980; x_wconf 83' lang='lat' dir='ltr'>puto</span> <span class='ocrx_word' id='word_1_266' title='bbox 1103 3912 1246 3969; x_wconf 86' lang='lat' dir='ltr'>reticenda</span> <span class='ocrx_word' id='word_1_267' title='bbox 1259 3931 1283 3978; x_wconf 86' lang='lat' dir='ltr'>c,</span> <span class='ocrx_word' id='word_1_268' title='bbox 1297 3920 1363 3967; x_wconf 86' lang='lat' dir='ltr'>retr-</span> 
     </span>
    </p>
   </div>
   <div class='ocr_carea' id='block_1_6' title="bbox 214 3982 1361 4055">
    <p class='ocr_par' dir='ltr' id='par_1_10' title="bbox 214 3982 1361 4055">
     <span class='ocr_line' id='line_1_33' title="bbox 214 3982 1361 4055; baseline -0.009 -8"><span class='ocrx_word' id='word_1_269' title='bbox 214 4007 278 4047; x_wconf 87' lang='lat' dir='ltr'>cere</span> <span class='ocrx_word' id='word_1_270' title='bbox 294 3988 372 4046; x_wconf 90' lang='lat' dir='ltr'>nolui</span> <span class='ocrx_word' id='word_1_271' title='bbox 391 3992 417 4055; x_wconf 82' lang='lat' dir='ltr'>k,</span> <span class='ocrx_word' id='word_1_272' title='bbox 436 3987 551 4043; x_wconf 90' lang='lat' dir='ltr'>minime</span> <span class='ocrx_word' id='word_1_273' title='bbox 568 3986 686 4042; x_wconf 84' lang='lat' dir='ltr'>reticere</span> <span class='ocrx_word' id='word_1_274' title='bbox 704 3985 792 4043; x_wconf 86' lang='lat' dir='ltr'>debeo</span> <span class='ocrx_word' id='word_1_275' title='bbox 809 3986 937 4052; x_wconf 74' lang='lat' dir='ltr'>fortusse</span> <span class='ocrx_word' id='word_1_276' title='bbox 956 4003 992 4042; x_wconf 83' lang='lat' dir='ltr'>ex</span> <span class='ocrx_word' id='word_1_277' title='bbox 1011 3983 1173 4040; x_wconf 82' lang='lat' dir='ltr'>coniectura</span> <span class='ocrx_word' id='word_1_278' title='bbox 1190 3982 1253 4040; x_wconf 82' lang='lat' dir='ltr'>edd.</span> <span class='ocrx_word' id='word_1_279' title='bbox 1272 3983 1361 4039; x_wconf 90' lang='lat' dir='ltr'>debeo</span> 
     </span>
    </p>
   </div>
   <div class='ocr_carea' id='block_1_7' title="bbox 769 4125 803 4206">
    <p class='ocr_par' dir='ltr' id='par_1_11' title="bbox 769 4125 803 4206">
     <span class='ocr_line' id='line_1_34' title="bbox 769 4125 803 4206; baseline 0 -10"><span class='ocrx_word' id='word_1_280' title='bbox 769 4125 803 4206; x_wconf 68' lang='lat'>³⁸,</span> 
     </span>
    </p>
   </div>
   <div class='ocr_carea' id='block_1_8' title="bbox 0 0 1641 4668">
    <p class='ocr_par' dir='ltr' id='par_1_12' title="bbox 0 0 1641 4668">
     <span class='ocr_line' id='line_1_35' title="bbox 0 0 1641 4668; baseline 0 0"><span class='ocrx_word' id='word_1_281' title='bbox 0 0 1641 4668; x_wconf 95' lang='lat' dir='ltr'> </span> 
     </span>
    </p>
   </div>
  </div>
 </body>
</html>
