3264 4658
221 459 269 498 122
540 443 670 502 snum
672 444 687 500 1
706 444 929 502 AUGUSTINI
948 446 1047 502 VITA

219 612 295 680 tem,
327 600 456 684 quando
489 623 604 669 eorum
635 602 807 685 quisquam
840 604 1021 687 specialiter
1054 628 1074 672 a
1107 605 1367 687 persecutoribus

219 703 396 784 quaeritur,
419 714 456 769 ut
477 704 517 769 ab
538 704 610 769 aliis
633 704 688 787 qui
710 725 776 770 non
799 705 845 771 ita
867 705 1086 788 requiruntur,
1108 725 1175 771 non
1198 705 1368 773 deseratur

218 803 375 882 Ecclesia,
397 804 455 869 sed
475 806 651 887 praebeant
672 805 792 870 cibaria
813 807 979 872 conservis
1001 806 1078 885 suis,
1101 826 1182 890 quos
1204 807 1299 872 aliter
1319 807 1367 872 vi·

217 926 294 971 vere
310 925 377 970 non
393 926 489 988 posse
504 916 675 971 noverunt.
714 906 799 972 Cum
814 917 925 972 autem
941 907 1097 987 omnium,
1116 909 1150 973 id
1167 919 1226 985 est,
1244 910 1367 992 episco-

174 1022 191 1090 5
216 1027 336 1090 porum
355 1019 389 1073 et
410 1007 601 1072 elericorum
622 1019 655 1072 et
677 1007 836 1072 laicorum
856 1018 906 1073 est
928 1029 1098 1074 commune
1119 1009 1309 1091 pericnlum,
1331 1009 1366 1074 hi

218 1109 273 1189 qui
290 1106 362 1172 aliis
379 1107 534 1190 indigent,
551 1129 617 1173 non
634 1110 826 1173 deserantur
843 1110 882 1173 ab
899 1111 951 1174 his
968 1108 1084 1192 quibus
1103 1109 1257 1192 indigent.
1297 1111 1367 1175 Aut

217 1209 317 1291 igitur
337 1208 379 1275 ad
398 1209 470 1274 loca
487 1210 614 1277 munita
631 1230 745 1275 omnes
765 1219 950 1287 transeant3
971 1220 1027 1276 aut
1047 1210 1103 1292 qui
1123 1211 1241 1275 habent
1263 1231 1366 1276 rema-

217 1309 314 1374 nendi
333 1310 568 1387 necessitatem,
588 1330 654 1375 non
675 1310 899 1392 relinquantur
918 1312 958 1375 ab
978 1311 1035 1393 eis,
1056 1332 1114 1394 per
1134 1332 1216 1394 quos
1237 1312 1367 1377 illorum

216 1420 266 1475 est
281 1410 498 1476 ecclesiastica
513 1410 692 1495 supplenda
707 1411 892 1491 necessitas,
907 1422 945 1476 ut
960 1423 1017 1478 aut
1032 1412 1156 1495 pariter
1171 1411 1292 1491 vivant,
1309 1422 1366 1478 aut

153 1528 192 1576 10
215 1510 338 1592 pariter
356 1509 527 1589 sufferant,
546 1513 634 1594 qnod
652 1533 708 1578 eos
726 1510 964 1593 paterfamilias
983 1514 1070 1577 volet
1087 1513 1222 1596 perpeti.

258 1631 288 1693 3.
311 1611 411 1695 Quod
436 1613 464 1677 si
489 1613 670 1698 contigerit,
697 1623 734 1678 ut
759 1613 827 1678 sive
852 1614 907 1678 alii
930 1612 1047 1691 maius,
1073 1613 1128 1680 alii
1151 1613 1270 1694 minus,
1297 1615 1365 1680 sive

216 1733 329 1777 omnes
348 1714 527 1795 aequaliter
545 1714 721 1795 patiantur,
741 1715 796 1796 qui
817 1734 931 1780 eorum
950 1716 1015 1781 sint
1034 1714 1090 1797 qui
1110 1736 1170 1797 pro
1191 1715 1263 1782 aliis
1282 1715 1365 1798 pati-

216 1824 316 1879 untur
340 1826 484 1897 apparet,
511 1815 556 1879 illi
582 1816 704 1880 seilicet
729 1815 785 1897 qui
811 1836 886 1880 cum
911 1837 947 1882 se
970 1827 1103 1898 possent
1127 1815 1245 1880 talibus
1270 1815 1365 1880 malis

216 1915 341 1994 eripere
364 1914 530 1997 fugiendo,
550 1937 592 1981 ne
611 1915 751 1982 aliorum
770 1916 996 1981 necessitatem
1017 1916 1212 1993 desererent,
1233 1936 1365 1981 manere

152 2024 189 2094 ις
216 2017 408 2082 maluerunt.
449 2017 538 2081 Hine
554 2018 697 2082 maxime
715 2019 871 2100 probatur
889 2017 945 2082 illa
962 2017 1090 2095 caritas,
1108 2039 1207 2100 quarn
1226 2019 1365 2083 Ioannes

215 2118 381 2198 apostolus
397 2117 611 2195 commendat,
626 2117 752 2183 dicens:
767 2118 861 2183 Sicut
876 2118 1026 2184 christus
1039 2129 1099 2200 pro
1114 2119 1208 2183 uobis
1223 2119 1365 2183 animum

215 2239 310 2284 suom
323 2219 442 2300 posuit,
457 2219 505 2284 sic
519 2231 552 2284 et
566 2241 628 2284 uos
643 2220 797 2284 debemus
812 2218 938 2284 ultimos
952 2230 1012 2301 pro
1028 2219 1189 2303 frutribus
1205 2220 1365 2300 ponere.¹²

217 2319 305 2383 Nam
326 2319 381 2401 qui
404 2319 545 2402 fugiunt,
567 2320 618 2385 vel
641 2321 708 2384 suis
731 2320 871 2385 devincti
892 2320 1136 2386 necessitatibus
1161 2320 1276 2402 fugere
1299 2341 1364 2386 non

215 2432 360 2503 possunt,
378 2420 405 2485 si
422 2420 644 2502 comprehensi
661 2421 839 2504 patiuntur,
855 2442 915 2504 pro
933 2443 967 2487 se
984 2421 1072 2502 ipsis,
1090 2443 1156 2486 non
1173 2441 1233 2503 pro
1251 2420 1364 2485 fratri-

148 2528 191 2577 20
214 2521 284 2598 bus,
312 2521 423 2603 utique
451 2522 629 2603 patiuntur.
679 2523 747 2604 Qui
774 2542 854 2588 vero
881 2533 1053 2604 propterea
1080 2521 1258 2604 patiuntur,
1288 2521 1364 2603 quia

217 2621 348 2700 fratres,
372 2622 427 2703 qui
449 2623 496 2688 eis
521 2623 564 2687 ad
588 2622 808 2688 Christianam
831 2623 969 2688 salutem
993 2622 1188 2704 indigebant,
1213 2621 1364 2687 deserere

215 2723 398 2800 noluerunt,
416 2724 486 2788 sine
503 2722 602 2789 dubio
620 2744 695 2789 suas
713 2725 838 2790 animas
855 2745 915 2806 pro
935 2723 1091 2788 fratribus
1109 2733 1244 2806 ponunt.
1316 2750 1320 2759 ’

255 2842 285 2902 4
308 2824 406 2889 Unde
425 2823 505 2890 illud
523 2823 612 2906 quod
629 2825 817 2907 episcopum
834 2824 1008 2907 quemdam
1027 2823 1149 2891 dixisse
1168 2821 1362 2900 audivimus,

214 2924 272 2989 “Si
298 2925 459 2990 Dominus
486 2926 577 2990 nobis
603 2926 775 3008 imperavit
801 2926 917 3007 fugam
941 2925 975 2989 in
1001 2924 1048 2991 eis
1074 2923 1362 3006 persecutionibus,

148 3025 187 3092 25
215 3025 270 3088 ubi
285 3036 392 3105 potest
408 3025 536 3092 fructus
551 3048 622 3093 esse
635 3026 803 3110 martyrii;
818 3036 941 3107 quanto
955 3025 1058 3106 magis
1075 3024 1229 3091 debenus
1248 3023 1363 3104 fugere

215 3125 340 3216 steriles
358 3126 534 3208 passiones,
554 3128 685 3209 quando
703 3138 752 3192 est
770 3125 957 3192 barbaricus
975 3136 1008 3190 et
1026 3124 1151 3191 hostilis
1170 3125 1320 3188 incursus
1328 3123 1363 3189 ?’'

214 3245 330 3290 verum
342 3238 391 3292 est
404 3226 536 3308 quidem
548 3239 580 3293 et
594 3227 797 3310 acceptabile,
812 3227 870 3293 sed
882 3228 933 3292 his
948 3247 1029 3309 quos
1045 3225 1251 3294 ecclesiastici
1266 3225 1362 3291 officii

248 3429 306 3486 set
318 3421 498 3491 clericorum]
514 3432 544 3480 et
556 3443 611 3481 om.
625 3424 674 3480 CF
686 3424 741 3482 edd
804 3422 871 3490 7ad
884 3423 977 3479 locum
990 3422 1107 3479 nnctiA
1176 3438 1205 3478 11
1221 3421 1312 3489 magis
1325 3422 1363 3488 A,

215 3489 309 3546 minus
320 3490 369 3548 alii
382 3492 472 3548 maius
485 3493 557 3559 edd,
568 3493 617 3550 alii
630 3493 721 3550 maius
735 3512 789 3551 om.
802 3494 837 3560 E,
849 3493 898 3550 alii
911 3493 1004 3549 minus
1018 3512 1072 3550 om.
1087 3493 1112 3549 C
1175 3493 1362 3560 repatiantur

212 3559 323 3698 ξξξῖἑ
334 3562 564 3692 {32¹3ssss
587 3566 619 3621 16
636 3565 759 3620 animam
777 3581 859 3620 suam
876 3581 928 3630 pro
947 3563 1028 3618 nobis
1047 3562 1102 3618 edd
1172 3563 1204 3618 18
1221 3561 1358 3616 Nam...
