3268 4668
207 437 242 502 76
529 433 674 491 SANCTI
693 433 917 494 AUGUSTINI
936 434 1035 490 VITA

209 577 306 660 homd
327 595 495 676 proposito
516 613 686 659 servorum
705 595 768 658 Dei
789 592 979 670 adhaerens,
1000 591 1211 674 negotiatoris
1233 591 1357 656 dimisit

209 696 379 773 actionem,
403 707 436 761 et
457 695 629 778 proficiens
652 695 686 760 in
708 694 873 760 Ecclesiae
894 692 1057 770 membris,
1080 693 1114 757 in
1137 692 1201 756 alia
1224 692 1356 774 regione

209 797 251 861 ad
268 796 459 879 presbyterii
476 816 604 878 quoque
621 797 684 860 Dei
701 796 868 860 voluntate
885 795 1004 877 petitus
1023 805 1055 860 et
1074 804 1204 859 coactus
1222 793 1357 858 accessit

209 897 360 973 officium,
391 908 504 963 tenens
535 908 633 978 atque
663 897 849 962 custodiens
878 895 1038 978 propositi
1069 894 1291 960 sanctitatem:
1323 902 1355 958 et

165 1003 181 1071 5
211 997 298 1062 forte
317 996 424 1062 adhuc
443 1017 545 1077 usque
565 997 599 1062 in
619 998 714 1061 rebus
734 997 884 1060 humanis
905 995 993 1060 vivat
1012 1007 1104 1062 trans
1125 1015 1215 1078 mare
1236 994 1355 1060 consti-

209 1109 308 1166 tutus.

653 1302 806 1368 CAPUT
823 1301 908 1366 XVI

319 1453 590 1518 Manichaeorum
614 1453 833 1518 exsecrandae
858 1452 1076 1535 turpitudines
1104 1453 1247 1518 detectae

188 1588 190 1592 ’
250 1586 351 1670 Apud
368 1587 598 1670 Carthaginem
612 1607 751 1669 quoque,
768 1586 847 1652 dum
862 1607 921 1668 per
938 1586 1100 1669 quendam
1115 1586 1232 1652 domus
1250 1586 1357 1670 regiae

147 1708 186 1757 ιο
210 1699 456 1772 procuratorem
478 1689 610 1754 nomine
632 1690 781 1768 Ursum,1
804 1687 882 1766 fidei
907 1688 1093 1753 Catholicae
1117 1688 1290 1766 hominem,
1316 1690 1357 1753 ad

210 1789 370 1872 quosdam
387 1790 665 1866 Manichaeorum,
683 1810 765 1872 quos
782 1789 902 1855 electos
920 1791 971 1853 vel
990 1790 1107 1854 electas
1125 1789 1247 1867 dicunt,
1265 1809 1358 1872 prae·

211 1900 317 1956 sentes
333 1891 566 1972 perveniretur,
580 1902 678 1972 atque
694 1891 736 1955 ad
752 1890 921 1955 ecclesiam
936 1891 975 1956 ab
991 1890 1105 1956 eodem
1122 1888 1359 1960 deducerentur

210 2001 243 2055 et
263 1990 518 2072 perducerentur
536 1991 579 2054 ab
599 1991 768 2072 episcopis,
790 1989 833 2055 ad
853 1990 994 2056 tabulas²
1014 1989 1118 2058 auditi
1136 1987 1224 2056 'sunt
1261 1990 1359 2056 «Inter

210 2112 292 2173 quos
309 2093 407 2157 etiam
423 2102 553 2158 sanctae
568 2091 745 2156 memoriae
761 2090 966 2173 Augustinus
984 2090 1059 2170 fuit,
1075 2092 1227 2172 quiprae
1243 2089 1359 2155 ceteris

147 2204 184 2272 15
211 2191 299 2257 illam
315 2193 546 2258 exsecrabilem
563 2203 684 2258 sectam
699 2205 844 2270 noverat,
862 2203 895 2258 et
910 2213 1025 2258 eorum
1040 2191 1181 2274 prodens
1200 2192 1358 2257 eiusmodi

212 2293 409 2359 damnabiles
432 2293 647 2376 blasphemias
669 2316 711 2358 ex
733 2293 812 2358 locis
834 2292 1002 2376 librorum,
1024 2313 1107 2375 quos
1130 2289 1175 2357 illi
1198 2291 1360 2374 accipiunt

212 2393 408 2472 Manichaei,
432 2415 534 2476 usque
557 2397 598 2460 a'd
622 2394 865 2490 confessionem
887 2393 1065 2459 earundem
1087 2394 1361 2476 blasphemiamm

212 2517 268 2562 eos
290 2495 461 2578 perduxit:
483 2507 515 2561 et
536 2516 618 2576 quae
640 2495 686 2560 illi
708 2515 768 2561 suo
788 2495 913 2560 maiore
933 2495 1020 2560 malo
1042 2494 1179 2576 indigna¹
1197 2507 1229 2560 et
1251 2493 1361 2576 turpia

213 2597 324 2662 facere
344 2607 592 2681 consueverunt,
613 2596 810 2661 feminarum
829 2595 960 2660 illarum
979 2596 1068 2660 velut
1089 2595 1265 2670 electarum
1286 2615 1361 2676 pro·

146 2711 188 2760 20
213 2696 345 2778 ditione,
373 2697 436 2762 illis
464 2684 687 2762 ecclesiasticis
713 2697 813 2780 gestis
833 2697 1043 2780 ,declaratum
1070 2706 1128 2761 est.
1177 2696 1287 2777 Atque
1315 2695 1361 2760 ita

212 2809 381 2880 pastorum
401 2798 566 2880 diligentia
587 2797 748 2864 dominico
768 2799 859 2880 gregi
880 2808 912 2863 et
932 2806 1144 2879 augmentum
1164 2794 1307 2872 accessit,
1329 2805 1362 2859 et

213 2898 368 2964 adversus
384 2899 474 2964 iures
488 2909 584 2980 atque
597 2899 739 2964 latrones
753 2897 904 2963 defensio
917 2894 1101 2980 competens
1115 2904 1288 2980 procurata
1301 2905 1360 2962 est.

255 2999 339 3064 Cum
359 2999 500 3082 quodam
521 2998 618 3064 etiam
640 2999 761 3064 Felice³
784 2999 824 3064 de
845 3019 982 3063 numero
1003 3018 1117 3062 eorum
1138 3017 1219 3078 quos
1242 2997 1361 3061 electos

212 3098 325 3165 dicunt
346 3100 540 3177 Manichaei,
561 3100 688 3183 publice
708 3099 743 3164 in
764 3098 969 3182 Hipponensi
990 3098 1125 3165 ecclesia
1146 3097 1283 3162 notariis
1305 3118 1361 3162 ex-

148 3212 186 3279 25
213 3200 404 3282 cipientibus
431 3201 608 3284 disputavit
633 3201 754 3284 populo
780 3211 923 3265 astante:
950 3209 982 3264 et
1007 3209 1082 3283 post
1108 3197 1285 3264 secundam
1308 3199 1362 3263 vel

213 3301 344 3365 tertiam
363 3301 568 3367 collationem
588 3303 642 3368 ille
663 3300 879 3367 Manichacus
899 3300 1072 3366 frustrata⁴
1093 3297 1237 3364 vanitate
1258 3312 1291 3366 et
1311 3319 1362 3363 er-

246 3470 357 3538 svart
382 3446 494 3525 noni<
520 3430 591 3535 enas,
615 3470 686 3525 vitat
710 3469 772 3534 or,
798 3469 907 3525 victitat
933 3467 1001 3524 co*
1067 3485 1086 3536 9
1109 3466 1305 3534 Apud....ao,
1332 3481 1365 3532 14

92 3610 94 3614 Α
214 3543 338 3599 feceram
357 3561 411 3598 om.
428 3543 490 3596 HK
502 3578 506 3585 ,
559 3556 588 3608 15
606 3541 684 3597 illam
703 3561 757 3598 om.
775 3541 827 3606 BQ
898 3543 930 3596 18
947 3541 1143 3609 quae]†inter
1162 3559 1191 3596 se
1209 3537 1364 3595 BCDEFG

215 3616 272 3674 edd
336 3615 456 3682 maiore]
476 3633 556 3671 more
571 3616 698 3673 BCEFG
715 3614 786 3681 edd,
803 3631 880 3672 mere
895 3615 934 3670 D,
