3268 4668
239 442 273 506 46
561 435 706 493 SANCTI
726 434 949 492 AUGUSTINI
969 433 1068 490 VITA

241 596 327 660 vitae
349 594 499 677 periculis
521 604 690 674 morteque
714 601 855 666 aeterna,
880 592 922 656 ad
946 599 1159 654 memoratam
1182 588 1268 653 ultro
1293 597 1389 668 atque

241 696 417 760 confestim
442 694 530 759 venit
554 695 729 769 civitatem,
756 705 789 758 et
814 693 979 756 hominem
1003 692 1109 755 visum
1136 689 1294 766 allocutus
1323 687 1389 752 fre-

241 796 391 878 quentius
406 807 504 877 atque
520 794 711 860 exhortatus
727 804 786 870 est,
802 802 959 873 quantum
975 792 1065 855 Deus
1082 789 1232 866 donabat,
1249 799 1287 854 ut
1302 788 1390 869 quod

241 901 312 962 Deo
333 907 467 962 voverat
487 896 690 961 reddidisset.
731 895 782 958 Ac
801 915 837 959 se
856 894 909 958 ille
930 894 970 958 de
991 893 1043 958 die
1062 892 1095 956 in
1116 890 1203 956 diem
1224 892 1391 955 facturum

198 1012 213 1078 5
240 999 462 1081 pollicebatur,
484 1019 544 1062 nec
566 1008 675 1062 tamen
697 996 731 1059 in
753 995 823 1060 eius
846 1006 924 1059 tunc
945 995 1008 1059 hoc
1030 992 1174 1074 implevit
1196 991 1389 1073 praesentia.

243 1099 309 1165 Sed
325 1120 442 1164 vacare
459 1099 570 1178 utique
587 1109 620 1163 et
637 1098 732 1161 inane
750 1099 833 1160 esse⁵
851 1117 917 1159 non
935 1093 1050 1176 potuit,
1068 1091 1156 1174 quod
1174 1113 1232 1175 per
1249 1091 1314 1158 tale
1332 1112 1389 1156 vas

240 1201 400 1264 mundum
418 1199 452 1263 in
470 1199 602 1275 honore,
622 1198 700 1263 utile
719 1196 861 1262 Domino
880 1194 923 1260 ad
942 1216 1036 1260 omne
1055 1215 1137 1276 opus
1157 1194 1278 1258 bonum
1296 1211 1390 1273 para-

242 1303 335 1377 tum,l
357 1301 390 1363 in
409 1301 498 1365 omni
517 1300 589 1364 loco
609 1299 719 1363 divina
738 1299 869 1380 gerebat
889 1296 1102 1378 providentia.

706 1549 859 1615 CAPUT
876 1548 925 1612 IV

179 1721 219 1770 10
532 1701 668 1782 Capitur
688 1699 730 1764 ad
750 1699 941 1781 presbyterii
962 1697 1102 1780 gradum

286 1835 412 1899 Eodem
442 1834 551 1916 itaque
581 1843 726 1914 ternpore
758 1833 790 1894 in
821 1831 955 1896 ecclesia
987 1832 1192 1913 Hipponensi
1224 1829 1391 1896 Catholica

243 1935 408 1999 Valerius1
436 1944 566 1998 sanctus
593 1933 814 2015 episcopatum
839 1933 980 2014 gerebat.
1030 1933 1096 2013 Qui
1124 1952 1200 1996 cum
1226 1931 1391 2014 flagitante

243 2035 457 2101 ecclesiastica
481 2035 682 2110 necessitate,
708 2034 748 2099 de
771 2033 973 2115 providendo
997 2044 1029 2097 et
1053 2031 1235 2097 ordinando
1261 2033 1392 2114 presby-

244 2146 314 2200 tero
345 2135 468 2200 civitati
498 2135 624 2216 plebem
653 2136 715 2199 Dei
746 2134 965 2214 alloqueretur
994 2143 1027 2198 et
1056 2134 1295 2211 exhortaretur,
1327 2133 1393 2196 iam

181 2246 217 2312 15
244 2237 381 2300 scientes
406 2235 564 2300 Catholici
588 2237 691 2299 sancti
715 2235 892 2317 Augustini
916 2234 1120 2316 propositum
1145 2245 1177 2300 et
1201 2233 1391 2308 doctrinam,

244 2356 343 2400 manu
363 2336 480 2399 iniecta
502 2335 674 2417 (quoniam
693 2345 725 2399 et
744 2334 831 2398 idem
849 2334 883 2397 in
900 2334 1021 2416 populo
1040 2354 1173 2399 securus
1193 2344 1225 2399 et
1245 2335 1392 2416 ignarus²

244 2437 323 2518 quid
352 2438 503 2502 futurum
528 2449 613 2502 esset
640 2437 783 2513 astabat3
811 2437 934 2500 solebat
961 2447 1071 2500 autem
1097 2437 1211 2512 laicus,
1237 2447 1272 2500 ut
1300 2435 1392 2499 nobis

244 2538 379 2614 dicebat,
401 2539 440 2602 ab
461 2538 507 2602 eis
528 2547 656 2602 tanturn
674 2537 826 2615 ecclesiis,
848 2556 930 2617 quae
951 2557 1017 2600 non
1038 2537 1193 2600 haberent
1213 2537 1391 2617 episcopos,

245 2657 338 2702 suam
361 2636 524 2702 abstinere
547 2637 806 2718 praesentiam);
831 2657 906 2700 eum
930 2657 1008 2718 ergo
1033 2647 1207 2702 tenuerunt
1231 2645 1273 2712 et,
1298 2636 1392 2700 utin

178 2759 220 2807 20
244 2740 360 2805 talibus
381 2749 571 2803 consuetum
591 2750 648 2814 est,
669 2740 823 2820 episcopo
842 2737 1060 2803 ordinandum
1081 2739 1268 2814 intulerunt,
1290 2738 1392 2803 omni-

244 2843 302 2904 bus
329 2839 362 2905 id
386 2861 452 2904 uno
476 2859 636 2904 consensu
661 2851 693 2904 et
719 2839 883 2921 desiderio
903 2838 975 2902 fieri
1000 2837 1174 2920 perficique
1200 2839 1391 2920 petentibus,

244 2963 426 3024 magnoque
450 2941 558 3008 studio
581 2952 613 3006 et
636 2942 776 3006 clamore
800 2941 1029 3023 flagitantibus,
1054 2941 1193 3006 ubertim
1216 2961 1256 3006 eo
1279 2940 1393 3004 flente:

244 3042 407 3107 nonnullis
437 3041 567 3122 quidem
596 3042 745 3106 lacrimas
774 3041 853 3118 eius,
884 3053 920 3105 ut
948 3042 1040 3105 nobis
1070 3042 1139 3122 ipse
1167 3040 1286 3116 retulit,
1315 3052 1393 3105 tunc
1469 3049 1470 3052 ’

246 3143 381 3223 superbe
410 3143 705 3224 interpretantibus,
734 3155 765 3208 et
792 3154 959 3223 tamquam
987 3133 1061 3208 eum
1089 3142 1327 3207 consolantibus
1356 3163 1394 3206 ac

180 3254 219 3322 25
247 3243 435 3320 dicentibus,
457 3243 533 3324 quia
556 3255 588 3308 et
609 3245 699 3308 locus
720 3243 922 3325 presbyterii,
944 3243 1019 3306 licet
1040 3243 1109 3325 ipse
1130 3242 1254 3308 maiore
1277 3243 1394 3322 dignus

246 3355 340 3420 esset,
361 3344 593 3426 propinquaret
613 3355 721 3409 tamen
741 3343 940 3425 episcopatui
951 3365 959 3420 ;
979 3365 1052 3408 curn
1074 3344 1126 3408 ille
1146 3345 1244 3408 homo
1265 3343 1337 3420 Dei,
1360 3353 1394 3407 ut

280 3557 298 3608 4
315 3539 447 3646 reddeqet
464 3542 526 3597 E*J
542 3541 601 3598 Sul.
638 3541 663 3608 Q
683 3542 797 3596 exhibet
814 3539 984 3622 reddidisset
1053 3541 1098 3608 ac]
1117 3542 1192 3622 ¹haec
1210 3541 1323 3608 CDFQ,
1341 3542 1395 3597 hac

245 3611 430 3745 trema,
447 3611 1251 3748 ...t.vetelthhtttstmntillut
1273 3629 1396 3746 tttt

245 3754 308 3820 cus]
338 3753 419 3832 Q
442 3751 468 3806 Α
537 3765 570 3819 25
596 3755 705 3808 maiora
730 3752 852 3817 DFHK,
880 3753 982 3807 maiori
1007 3752 1154 3808 BCD*EJ.
1187 3751 1236 3818 Cf.
1264 3751 1396 3819 graviora

250 3841 335 3909 [pati]
358 3843 473 3908 dignos:
492 3841 582 3896 DCD.
604 3843 629 3897 V
648 3841 729 3906 xxiii,
748 3841 828 3898 codd.
848 3840 1078 3906 discrepantibus,
1096 3841 1398 3907 perrumpentibus

247 3916 381 3983 graviora
401 3915 509 3981 dignos,
529 3913 662 3981 graviore
680 3912 782 3978 dignos
800 3914 847 3969 vel
866 3911 991 3979 graviori
1010 3911 1128 3978 dignos;
1150 3913 1180 3969 id
1200 3923 1281 3970 erant
1301 3913 1394 3980 digni:

247 3986 335 4041 DCD.
350 3986 425 4039 XXI
437 3985 517 4050 xviii,
532 3985 612 4039 codd.
628 4002 734 4050 omnes,
749 3985 792 4040 ed.
805 3985 838 4038 H
840 3985 967 4050 offmonn
1033 3985 1068 4040 26
1083 3985 1319 4051 appropinquaret
1335 3985 1396 4042 edd.

249 4059 274 4126 Q
296 4057 409 4114 exhibet
429 4057 637 4124 propinquaret.
