3264 4658
240 395 275 459 9⁶
562 395 951 456 sancr1nusvsr1n1
970 401 1070 457 vrrn
1145 357 1149 367 “

242 589 305 650 quo
325 569 359 633 in
377 579 487 637 vetere
501 571 730 638 'Testament02
749 576 901 656 leguntur
920 575 1015 643 altari
1036 576 1254 644 deservientes
1276 579 1389 646 eodem

242 671 439 753 compartiri.
481 671 547 738 Sed
566 693 733 757 nunqnam
752 675 788 741 id
805 676 879 741 laici
900 678 1063 761 suscipere
1083 679 1265 745 voluerunt.

668 877 823 945 CAPUT
842 878 961 943 XXIV

607 995 648 1059 In
667 1016 703 1062 re
720 996 898 1063 domestica
916 995 1021 1078 qualis

176 1141 193 1210 5
283 1130 409 1194 Domus
437 1129 589 1194 ecclesiae
617 1148 730 1194 curam
755 1116 949 1210 omnemque
977 1131 1192 1196 substantiam
1218 1133 1261 1196 ad
1288 1132 1389 1198 vices²

241 1229 472 1294 valentioribus
489 1229 613 1295 clericis
629 1228 797 1312 delegabat
813 1241 846 1295 et
862 1231 1022 1296 credebat.
1062 1231 1240 1312 Nunquam
1256 1233 1388 1311 clavem,

240 1350 409 1411 nunquam
435 1331 593 1395 annulum
618 1331 653 1395 in
680 1351 779 1396 manu
806 1331 937 1409 habens,
966 1332 1024 1396 sed
1051 1333 1091 1396 ab
1118 1333 1246 1398 hisdem
1274 1335 1389 1399 domus

241 1431 433 1515 praepositis
451 1443 567 1496 cuncta
582 1441 615 1497 et
630 1443 764 1513 accepta
779 1443 811 1497 et
827 1443 960 1514 erogata
977 1434 1181 1498 notabantur.
1221 1433 1316 1516 Quae
1333 1455 1389 1498 an-

240 1553 285 1598 no
312 1532 472 1615 completo
499 1531 607 1598 eidem
634 1533 863 1610 recitabantur,
891 1553 956 1615 quo
986 1533 1123 1598 sciretur
1151 1544 1310 1615 qnantum
1336 1555 1389 1599 ac-

177 1651 215 1700 10
241 1643 379 1716 ceptum,
402 1644 623 1715 quantumque
645 1632 869 1716 dispensatum
891 1633 1002 1710 fuerit,
1026 1634 1077 1699 vel
1100 1634 1179 1717 quid
1201 1633 1390 1717 dispensan-

242 1734 321 1798 dum
338 1735 538 1812 remanserit,
557 1735 640 1799 etin
659 1734 769 1799 multis
788 1733 891 1800 titulis
908 1735 1012 1817 magis
1031 1735 1117 1800 illius
1135 1735 1312 1819 praepositi
1332 1735 1390 1802 do·

240 1856 313 1901 mus
337 1835 437 1900 fidem
461 1856 608 1917 sequens,
632 1855 731 1917 quam
754 1834 929 1917 probatum
951 1836 1229 1917 manifestumque
1254 1857 1388 1919 cognos-

241 1957 326 2001 cens.
364 1937 518 2013 Domum,
534 1956 651 2018 agrum
666 1957 724 2002 seu
741 1935 851 2001 villam
866 1955 1035 2017 nunquam
1050 1958 1156 2002 emere
1173 1937 1285 2002 voluit,
1323 1936 1390 2000 Ve-

241 2055 315 2100 rum
336 2037 363 2100 si
385 2036 473 2101 forte
493 2037 647 2102 ecclesiae
667 2058 687 2101 a
708 2057 872 2118 quoquam
891 2047 1007 2118 sponte
1026 2039 1093 2102 tale
1113 2036 1236 2117 aliquid
1256 2038 1308 2102 vel
1331 2037 1389 2102 do

176 2155 213 2223 ις
240 2150 383 2215 naretur,
403 2139 455 2202 vel
474 2138 569 2204 titulo
588 2138 686 2221 legati
706 2140 933 2216 dimitteretur,
953 2159 1019 2202 non
1039 2138 1220 2220 respuebat,
1241 2137 1300 2203 sed
1319 2158 1387 2203 sus-

239 2239 304 2322 cipi
322 2240 459 2305 iubebat.
501 2240 589 2304 Nam
605 2250 639 2305 et
657 2240 782 2321 aliquas
801 2259 878 2304 eum
895 2238 1091 2304 hereditates
1112 2258 1278 2305 recusasse
1297 2238 1389 2302 novi-

239 2341 338 2418 mus,²
357 2361 423 2404 non
443 2340 519 2421 quia
538 2341 734 2423 pauperibus
754 2339 884 2405 inutiles
904 2361 974 2405 esse
994 2349 1136 2423 possent,
1158 2339 1390 2421 sedquoniam

240 2441 362 2506 iustum
381 2452 415 2507 et
435 2461 575 2522 aequum
594 2462 665 2506 esse
685 2441 824 2518 videbat,
845 2451 882 2506 ut
903 2463 923 2506 a
942 2450 1149 2505 mortuorum
1168 2441 1219 2505 vel
1240 2439 1316 2505 filiis
1337 2441 1390 2505 vel

240 2543 427 2626 parentibus
441 2545 492 2608 vel
506 2542 654 2608 affinibus
667 2543 772 2624 magis
785 2541 1039 2625 possiderentur,
1055 2541 1171 2623 quibus
1185 2561 1225 2606 ea
1238 2540 1389 2606 delicien-

174 2657 215 2707 20
240 2656 289 2711 tes
310 2643 474 2708 dimittere
494 2643 679 2708 noluerunt.
721 2641 867 2725 Quidam
888 2641 986 2708 etiam
1007 2664 1050 2708 ex
1070 2640 1239 2706 honoratis
1262 2640 1389 2723 Hippo-

240 2745 391 2830 nensium
411 2743 499 2827 apud
521 2744 753 2826 Carthaginem
773 2745 886 2808 vivens
910 2742 1063 2808 ecclesiae
1087 2741 1292 2825 Hipponensi
1315 2762 1390 2822 pos·

241 2846 417 2911 sessionem
442 2845 563 2910 donare
587 2845 700 2922 voluit,
726 2856 758 2910 et
783 2843 951 2909 coniectas
976 2844 1101 2908 tabulas
1127 2843 1188 2907 sibi
1213 2841 1389 2908 usufructu

240 2956 376 3024 retento,
395 2946 483 3013 ultro
498 2947 604 3012 eidem
622 2956 754 3011 sanctae
770 2944 948 3010 memoriae
965 2943 1153 3025 Augustino
1170 2943 1276 3007 misit:
1295 2941 1389 3007 cuius

240 3047 295 3111 ille
311 3047 508 3113 oblationem
525 3046 661 3111 libenter
680 3047 813 3129 accepit,
833 3044 1062 3126 congratulans
1081 3045 1111 3109 ei
1131 3043 1219 3125 quod
1238 3052 1390 3107 aeternae

173 3151 213 3220 ²5
241 3168 320 3214 suae
333 3168 458 3214 memor
470 3159 556 3215 esset
570 3148 693 3214 salutis.
728 3147 856 3213 Verum
869 3156 944 3230 post
957 3144 1081 3226 aliquot
1101 3143 1191 3226 [hos]
1211 3163 1315 3207 annos
1330 3161 1390 3206 no-

215 3253 289 3317 bis
307 3251 395 3358 forte
410 3273 485 3318 cum
500 3253 615 3317 eodem
630 3251 664 3316 in
681 3250 861 3316 comminus
879 3248 1072 3325 constitutis,
1089 3269 1164 3314 ecce
1179 3245 1233 3311 ille
1250 3245 1390 3312 donator

277 3433 595 3504 tdeservicntesl-l-de
620 3435 712 3492 CEFJ
738 3432 793 3490 edd
866 3392 1134 3498 acomparticipari
1160 3427 1216 3486 CH
1242 3427 1296 3484 edd
1371 3438 1389 3492 7

241 3506 331 3563 isdem
344 3505 457 3572 AGHJ,
471 3505 577 3563 eisdem
592 3504 648 3560 edd
713 3503 871 3569 8Quae...
881 3501 1083 3556 recitabantur
1098 3498 1193 3556 omC
1258 3494 1389 3563 9retice-

241 3576 396 3640 banturA,
410 3574 604 3640 recitabantF
670 3589 702 3629 10
717 3573 820 3629 luisset
836 3581 864 3628 et
878 3571 1060 3638 remansisset
1074 3571 1118 3626 Ε]
1133 3569 1188 3625 edd
1253 3582 1297 3636 94,
1312 3580 1330 3632 4
1344 3563 1391 3620 vel

262 3661 342 3704 1...2
353 3619 441 3702 tidem
454 3645 581 3702 desunt
569 3663 600 3701 m
612 3643 640 3699 D
656 3657 752 3701 errore
769 3641 928 3699 tabularum
941 3639 1186 3708 phototppicarum
1251 3633 1389 3690 manifes-

240 3688 350 3784 titumq
350 3733 386 3772 ue
401 3716 456 3772 edd
522 3711 742 3779 aoQuidam...
752 3714 806 3780 .98,
827 3727 858 3767 12
874 3710 967 3766 exiret
985 3709 1075 3767 ona!
1141 3704 1268 3774 asultro
1288 3723 1341 3762 om.
1358 3704 1385 3759 A

239 3801 273 3858 25
290 3787 399 3854 aliquos
415 3784 467 3842 BG
533 3785 587 3839 hos
604 3801 658 3840 om
675 3781 840 3840 CDEFHK
856 3780 912 3837 edd
978 3779 1037 3837 26'
1028 3799 1062 3835 (2
1077 3795 1130 3834 om.
1148 3775 1252 3833 CDEF
1269 3775 1323 3830 edd
