3264 4658
559 441 704 516 sANcri
723 457 947 523 AUGUSTINI
967 457 1066 514 VITA

674 577 829 682 cneus
845 615 949 679 xxii
967 641 969 646 ·

405 734 445 798 In
465 733 585 799 vestitu
606 745 639 800 et
657 735 746 798 victu
767 734 870 815 qualis
892 734 995 799 luerit
1016 733 1220 815 Augustinus

281 870 398 935 Vestes
426 869 496 935 eius
525 880 558 935 et
585 868 801 934 calceamenta
830 869 882 933 vel
910 869 1060 933 lectualia
1087 891 1131 935 ex
1157 867 1326 951 moderato
1355 881 1388 934 et

239 970 432 1054 competenti
451 970 563 1035 habitu
581 980 683 1048 erant,
701 989 762 1033 nec
780 969 884 1036 nitida
901 970 1047 1048 nimium,
1066 991 1127 1034 nec
1145 969 1269 1034 abiecta
1287 969 1388 1051 pluri-

196 1087 211 1154 ς
239 1093 345 1137 mum:
370 1072 447 1153 quia
469 1071 521 1136 his
544 1072 735 1152 plerumque
758 1071 810 1135 vel
835 1073 956 1136 iactare
980 1091 1015 1135 se
1039 1071 1216 1136 insolenter
1240 1070 1387 1136 homines

240 1172 354 1249 solent,
378 1175 430 1237 vel
453 1172 608 1237 abiicere:
634 1191 676 1236 ex
699 1182 848 1253 utroque,
873 1193 939 1237 non
962 1191 1047 1253 quae
1069 1171 1148 1256 Jesu
1173 1170 1305 1248 Christi,
1330 1170 1388 1236 sed
1471 1187 1473 1191 ·

239 1293 322 1355 quae
347 1293 407 1338 sua
430 1283 506 1338 sunt
530 1271 629 1338 iidem
651 1274 867 1354 quaerentes.1
913 1273 960 1337 At
984 1273 1054 1352 iste,
1079 1283 1116 1337 ut
1138 1272 1219 1349 dixi,
1242 1272 1389 1338 medium
1411 1355 1412 1358 Ἴ

240 1375 377 1450 tenebat,
408 1393 513 1455 neque
542 1373 577 1437 in
604 1375 775 1438 dexteram
803 1392 909 1455 neque
938 1375 972 1437 in
1002 1373 1388 1439 sinistram'declinans.²

240 1475 358 1540 Mensa
379 1494 457 1540 usus
479 1486 530 1540 est
552 1474 673 1556 frugali
696 1484 729 1540 et
748 1493 858 1557 parca,
880 1494 963 1556 quae
985 1473 1116 1555 quidem
1138 1475 1224 1540 inter
1244 1475 1334 1541 olera
1354 1483 1388 1539 et

176 1592 214 1641 ιο
239 1576 410 1657 legumina,
427 1576 525 1640 etiam
539 1589 652 1640 carnes
666 1573 841 1656 aliquando
857 1585 990 1658 propter
1005 1576 1158 1658 hospites,
1175 1576 1227 1641 vel
1242 1593 1388 1657 quosque

239 1677 444 1753 infirmiores,
474 1697 601 1760 semper
629 1687 740 1742 autem
766 1677 881 1740 vinum
907 1676 1055 1752 habebat,
1085 1677 1161 1757 quia
1191 1687 1327 1741 noverat
1355 1687 1389 1740 et

240 1777 383 1854 docebat,
401 1787 437 1842 ut
456 1778 633 1859 Apostolus
652 1777 739 1854 dicit,
757 1776 846 1859 quod
863 1777 967 1843 omnis
987 1787 1135 1852 creatura
1153 1777 1216 1842 Dei
1233 1778 1318 1842 bona
1336 1777 1388 1854 sit,

239 1889 272 1943 et
294 1877 377 1942 nihil
401 1877 627 1956 obiiciendum,
652 1879 741 1960 quod
765 1899 839 1942 cum
862 1878 1043 1959 pretiorum
1068 1878 1194 1942 actione
1220 1877 1388 1958 accipitur,

238 1979 461 2061 smutificatur
477 1979 563 2044 enim
578 1988 638 2060 per
652 1980 789 2044 verbum
803 1979 868 2042 Dei
885 1989 917 2043 et
934 1977 1138 2043 orationem.⁸
1177 1978 1230 2057 Et,
1248 1989 1284 2043 ut
1302 1977 1389 2044 idem

175 2088 211 2157 ις
239 2079 442 2161 Augustinus
458 2089 589 2144 sanctus
604 2078 638 2142 in
653 2079 719 2144 suis
736 2077 991 2145 Confessionum
1005 2078 1109 2144 libris⁴
1124 2079 1243 2161 posuit,
1259 2078 1388 2145 dicens:

238 2180 338 2246 “Non
350 2202 411 2262 ego
424 2179 664 2245 immunditiam
677 2181 802 2247 obsonii
815 2181 924 2258 timeo,
939 2179 997 2246 sed
1011 2179 1251 2246 immunditiam
1264 2180 1388 2263 cupidi-

238 2280 324 2347 tatis.
364 2281 439 2347 Scio
456 2281 489 2344 N
491 2302 530 2346 oe
546 2302 641 2347 omne
659 2283 765 2346 carnis
781 2301 884 2364 genus
901 2281 989 2362 quod
1005 2282 1076 2348 cibo
1094 2294 1179 2348 esset
1195 2281 1279 2358 usui,
1296 2301 1388 2346 man·

237 2382 358 2448 ducare
385 2383 596 2465 permissum:
636 2382 768 2447 Heliam
795 2383 867 2447 cibo
894 2383 1000 2447 carnis
1030 2380 1202 2459 reiectum,
1231 2383 1389 2447 Ioannem

237 2483 377 2548 mirabili
399 2484 592 2548 abstinentia
613 2482 807 2563 praeditum,
830 2483 1022 2548 animalibus
1044 2483 1105 2547 hoc
1126 2493 1177 2547 est
1197 2482 1331 2548 locustis
1353 2484 1387 2547 in

171 2606 214 2655 20
238 2605 347 2649 escam
358 2583 555 2661 cedentibus,
569 2605 636 2649 non
652 2583 754 2649 luisse
768 2583 936 2666 pollutum.
972 2583 1018 2662 Et
1031 2585 1098 2648 scio
1113 2583 1204 2654 Esau
1217 2583 1387 2650 lenticulae

238 2685 499 2767 concupiscentia
521 2685 700 2766 deceptum,
723 2696 757 2750 et
777 2685 885 2750 David
907 2695 1042 2768 propter
1064 2704 1168 2766 aquae
1189 2683 1388 2750 desiderium

236 2807 257 2852 a
272 2786 379 2867 seipso
395 2787 635 2869 reprehensiun,
651 2797 683 2861 et
698 2787 821 2868 Regem
835 2795 995 2862 nostrum,
1010 2804 1076 2850 non
1092 2784 1133 2850 de
1149 2806 1255 2862 carne,
1273 2785 1331 2849 sed
1347 2787 1387 2850 de

236 2907 320 2969 pane
331 2897 533 2969 temptatum.
569 2885 712 2968 Ideoque
725 2896 758 2951 et
769 2886 909 2969 populus
923 2886 957 2950 in
970 2905 1089 2963 eremo,
1102 2907 1169 2951 non
1182 2885 1260 2967 quia'
1271 2905 1386 2950 carnes

237 2987 445 3066 desideravit,
475 2989 532 3054 sed
559 2989 635 3070 quia
664 3009 757 3055 escae
784 2988 947 3055 desiderio
976 2989 1132 3055 adversus
1162 2989 1269 3053 Deum
1297 3008 1387 3053 mur·

171 3103 210 3171 25
237 3092 389 3167 muravit,
405 3090 523 3155 meruit
538 3090 744 3173 improbari.’'
780 3091 831 3156 De
846 3091 923 3156 vino
938 3100 1048 3155 autem
1062 3089 1220 3155 sumendo
1235 3087 1388 3172 Apostoli

239 3200 348 3256 exstat
371 3191 530 3256 sententia
555 3190 599 3257 ad
622 3192 833 3257 Timotheum
857 3191 1036 3268 scribentis,
1063 3211 1102 3254 ac
1128 3189 1281 3255 dicentis:
1307 3189 1388 3254 Noli

239 3312 341 3372 usque
358 3292 464 3356 ddhuc
480 3313 598 3374 aquom
616 3292 733 3368 bibere,
749 3294 809 3357 sed
824 3291 900 3357 vino
917 3291 1045 3357 modico
1063 3301 1154 3356 utere
1170 3299 1306 3374 propter
1321 3298 1389 3356 sto·

237 3391 390 3456 mochum
406 3403 437 3458 et
451 3395 643 3476 freqccentes
659 3403 732 3459 tuus
746 3393 975 3475 infirmitates.⁸
1014 3390 1244 3457 cochlearibus
1260 3401 1389 3457 tantum

273 3574 301 3614 11
326 3559 437 3615 bibebat
458 3559 519 3626 BG,
541 3561 608 3617 vino
631 3561 762 3617 utebatur
785 3557 854 3614 CD*
924 3575 955 3628 13
978 3560 1132 3627 percipitur
1154 3557 1390 3615 BCDEFGHJK

237 3631 292 3686 edd
362 3648 393 3697 m,
407 3632 443 3687 Et
457 3642 499 3688 ut.
510 3675 516 3686 .
526 3676 533 3688 .
544 3633 588 3689 ‚28
601 3633 780 3689 *Infirmitates
795 3651 849 3689 om.
863 3633 881 3689 J
951 3645 982 3698 17
995 3650 1084 3699 genus
1098 3633 1191 3688 carnis
1205 3631 1319 3687 DFHK
1334 3629 1388 3686 edd

241 3719 272 3771 19
288 3704 457 3761 animalibus
476 3705 530 3761 hoc
549 3714 592 3762 est
610 3724 666 3762 ont
684 3706 745 3762 HK
813 3721 847 3762 20
867 3703 926 3761 scio
944 3713 974 3762 et
991 3705 1107 3760 DFHK
1125 3704 1188 3760 edd.
1226 3703 1388 3772 Qexbc’bet

238 3783 267 3831 et
288 3774 347 3831 scio
419 3790 453 3830 22
473 3789 532 3830 non
554 3775 591 3832 de
613 3793 698 3831 carne
720 3774 770 3831 sed
793 3773 829 3830 de
851 3791 924 3840 pane
945 3774 1125 3841 temptatum]
1152 3773 1387 3840 ABEGcenmno,

238 3854 377 3901 tentatum
398 3844 472 3912 bhy'r,
492 3861 564 3910 pane
584 3861 646 3900 esse
666 3852 832 3908 temptatum
855 3845 926 3909 edd,
947 3859 1019 3910 pane
1038 3851 1149 3899 tantum
1171 3851 1337 3909 temptatum
1359 3843 1388 3908 d,

238 3913 349 3970 nonde
367 3931 452 3970 carne
469 3921 636 3980 temptatum
655 3915 705 3970 sed
723 3913 759 3970 de
776 3931 849 3980 pane
866 3921 977 3969 tantum
997 3913 1181 3980 CDFHKqu
1249 3927 1282 3980 23
1303 3910 1386 3967 Ideo·

235 3983 510 4051 que....improbari
540 4001 595 4040 om.
624 3985 650 4038 E
745 3999 779 4050 24
807 3982 985 4040 desiderabat
1014 3991 1042 4039 et
1070 3982 1265 4037 murmurabat
1292 3981 1388 4037 CD*F

237 4066 337 4114 contra
346 4057 409 4112 HK
421 4057 476 4114 edd
545 4054 692 4112 dominum
703 4056 784 4113 ΒΕΘ
850 4070 882 4122 14
893 4053 931 4110 Et
942 4052 1286 4110 ut....28infirmititates
1300 4055 1387 4111 nnn!
