3264 4658
209 428 257 480 134
527 411 657 469 SANCT
660 413 673 467 1
692 412 915 469 AUGUSTINI
935 413 1034 469 VITA

206 581 242 636 ut
259 572 345 638 solos
361 571 527 637 ministros
543 571 708 638 Ecclesiae
724 572 959 654 persequatur?
997 572 1088 655 Quid
1105 572 1271 638 dicemus?
1299 573 1354 638 An

206 671 417 754 relinquenda
432 682 482 737 est
496 693 517 736 a
532 672 688 737 ministris
707 673 906 754 fugientibus
923 673 1078 750 Ecclesia,
1095 694 1136 739 ne
1152 693 1172 737 a
1188 674 1354 739 morienti·

205 774 265 840 bus
284 773 499 840 miserabilius
519 774 741 856 relinquatur?
782 773 847 841 Sed
867 775 894 840 si
914 775 988 840 laici
1006 796 1073 841 non
1092 786 1294 858 quaeruntur
1312 777 1354 841 ad

204 887 353 952 mortem,
374 887 510 958 possunt
530 877 692 941 occultare
711 896 841 957 quoquo
860 875 960 941 modo
979 877 1148 959 episcopos
1168 890 1200 942 et
1221 877 1354 942 clericos

167 992 184 1060 ς
205 995 292 1053 suos,
317 977 401 1041 sicut
424 976 477 1042 ille
499 975 671 1052 adiuverit,
695 977 730 1040 in
753 976 845 1041 cuius
869 986 1028 1058 potestate
1054 987 1130 1042 sunt
1153 979 1272 1058 omnia,
1297 977 1353 1058 qui

205 1086 311 1159 potest
332 1087 364 1142 et
385 1098 451 1142 non
473 1077 635 1158 fugientes
655 1076 854 1158 permirabili
873 1098 1068 1142 conservare
1088 1078 1242 1160 potentia.
1287 1078 1354 1144 Sed

205 1178 279 1245 ideo
298 1180 484 1261 quaerimus
503 1178 582 1261 quid
600 1199 659 1244 nos
681 1179 791 1244 facere
810 1180 994 1259 debeamus,
1014 1200 1055 1245 ne
1075 1181 1109 1244 in
1126 1182 1276 1246 omnibus
1297 1200 1353 1244 ex-

206 1281 381 1363 spectando
400 1280 510 1346 divina
526 1280 684 1347 miracula
703 1291 829 1346 tentare
848 1281 1026 1346 Dominum
1044 1281 1234 1347 iudicemur.
1277 1283 1354 1346 Non

205 1381 338 1463 quidem
351 1382 426 1448 talis
444 1393 493 1448 est
510 1382 572 1446 ista
587 1392 773 1463 tempestas,
790 1382 921 1463 quando
937 1381 1097 1447 laicorum
1113 1392 1145 1447 et
1163 1381 1355 1447 clericorum

144 1492 183 1541 ¹0
206 1492 255 1549 est
271 1503 441 1547 commune
456 1481 645 1564 periculum,
662 1482 745 1548 sicut
762 1483 795 1547 in
812 1484 889 1548 navi
905 1504 971 1547 una
986 1503 1158 1549 commune
1174 1484 1355 1566 periculum

204 1593 255 1650 est
272 1595 492 1649 mercatorum
509 1593 606 1665 atque
623 1594 808 1648 nautarum.
849 1583 974 1648 Verum
994 1582 1077 1648 absit
1096 1594 1133 1649 ut
1152 1585 1234 1648 tanti
1253 1583 1354 1666 pend-

205 1685 289 1750 enda
307 1684 349 1750 sit
365 1686 446 1750 haec
463 1684 555 1749 navis
573 1695 694 1762 nostra,
714 1695 751 1749 ut
768 1683 905 1750 debeant
924 1705 997 1750 eam
1012 1695 1141 1762 nautae,
1161 1695 1193 1750 et
1211 1685 1353 1750 maxime

204 1788 411 1868 gubernator,
429 1785 665 1868 periclitantem
681 1787 839 1863 deserere,
857 1787 956 1851 etiam
971 1786 998 1852 si
1015 1786 1049 1850 in
1066 1786 1220 1868 scapham
1235 1785 1353 1850 transi-

204 1887 312 1952 liendo
333 1887 384 1952 vel
405 1887 504 1953 etiam
522 1887 666 1952 natando
686 1886 811 1969 possint
831 1885 986 1968 effugere.
1030 1886 1157 1968 Quibus
1179 1887 1265 1952 enini
1286 1908 1352 1952 me·

143 1993 179 2061 15
204 1989 325 2054 tuimus
341 2009 383 2053 ne
400 1999 513 2053 nostra
531 1988 713 2053 desertione
730 1996 874 2070 pereant,
890 2007 957 2052 non
973 1987 1186 2069 temporalem
1203 1997 1352 2064 mortem,

205 2103 287 2170 quae
304 2088 497 2170 quandoque
513 2099 651 2153 ventura
667 2099 725 2167 est,
743 2087 800 2154 sed
815 2098 990 2165 aeternam,
1008 2109 1092 2169 quae
1107 2097 1223 2171 potest,
1241 2087 1270 2154 si
1287 2109 1353 2153 non

203 2200 367 2267 caveatur,
387 2189 507 2266 venire,
527 2200 560 2255 et
577 2200 693 2272 potest,
713 2189 741 2255 si
760 2199 923 2266 caveatur,
943 2188 1042 2254 etiam
1059 2209 1126 2254 non
1145 2188 1265 2266 venire,
1285 2209 1352 2252 me·

203 2291 336 2356 tuimus.
375 2291 414 2354 In
431 2290 594 2355 communi
611 2301 721 2355 autem
736 2289 880 2372 periculo
896 2291 983 2355 vitae
998 2289 1094 2355 huius
1113 2309 1171 2354 cur
1189 2288 1352 2354 existime-

204 2412 277 2457 mus
298 2392 479 2473 ubicunque
500 2391 601 2458 fuerit
620 2390 747 2456 hostilis
767 2391 926 2467 incursus,
947 2411 1058 2456 omnes
1079 2389 1213 2455 clericos
1234 2400 1266 2455 et
1286 2410 1352 2454 non

139 2502 181 2550 20
204 2493 304 2557 etiam
318 2514 429 2558 omnes
445 2492 545 2558 laicos
561 2513 632 2557 esse
645 2492 832 2568 morituros,
848 2503 884 2557 ut
899 2491 996 2556 simul
1011 2490 1126 2555 finiant
1142 2492 1225 2555 hanc
1241 2490 1352 2565 vitam,

204 2595 257 2659 cui
275 2605 351 2659 sunt
368 2593 474 2658 clerici
491 2593 687 2657 necessarii?
705 2603 763 2658 aut
780 2613 838 2656 cur
855 2613 920 2657 non
939 2612 1105 2673 speremus
1124 2589 1209 2656 sicut
1227 2591 1352 2672 aliquos

204 2695 313 2773 laicos,
332 2695 378 2760 sic
395 2695 493 2762 etiam
508 2694 643 2759 clericos
660 2713 877 2770 remansuros,
896 2715 916 2758 a
933 2691 1050 2774 quibus
1067 2692 1115 2758 eis
1133 2691 1353 2757 necessarimn

203 2795 419 2860 ministerium
438 2795 545 2860 valeat
562 2794 729 2859 exhiberi?

249 2913 296 2961 12.
320 2897 528 2979 Quamquam
555 2895 656 2978 [osi]
684 2895 768 2960 inter
790 2895 852 2959 Dei
874 2894 1041 2959 ministros
1063 2892 1139 2959 inde
1163 2894 1205 2958 sit
1228 2891 1352 2972 discep-

138 2995 178 3066 25
203 2998 296 3074 tatio,
323 2997 378 3079 qui
405 3017 519 3062 eorum
544 3007 706 3074 maneant,
735 3017 776 3060 ne
804 2995 885 3076 iuga
911 2995 1066 3072 omnium,
1094 2992 1210 3075 etqui
1238 3012 1352 3058 eorum

205 3097 345 3179 fugiant,
368 3120 409 3164 ne
432 3107 537 3162 morte
559 3095 707 3163 omnium
728 3097 898 3161 deseratur
920 3093 1084 3160 Ecclesiat
1129 3093 1209 3160 Tale
1233 3092 1353 3175 quippe

204 3209 368 3264 certamen
382 3199 444 3264 erit
458 3201 542 3264 inter
557 3219 622 3276 eos,
637 3198 742 3263 obitu
729 3197 835 3279 trique
852 3196 1002 3262 ferveant
1017 3195 1161 3271 caritate,
1176 3205 1209 3260 et
1223 3194 1354 3274 utrique

236 3369 254 3424 6
275 3367 431 3434 tumentem
454 3367 526 3431 edd,
547 3366 699 3422 morientes
720 3365 746 3419 Ε
813 3382 865 3432 per
886 3363 1042 3419 mirabilem
1065 3379 1234 3419 conservare
1256 3369 1355 3428 poten-

203 3441 272 3506 tiam
291 3440 445 3495 BCDEFG
466 3440 519 3494 edd
587 3440 705 3494 8deum
723 3436 796 3491 ΑΨ
867 3438 898 3492 16
916 3445 1035 3492 ventura
1054 3436 1091 3491 sit
1108 3435 1134 3489 A
1207 3436 1239 3490 18
1256 3432 1354 3489 existi-

204 3531 315 3569 mamus
332 3513 378 3566 D*
399 3513 470 3578 edd,
488 3511 707 3576 resistamusC,
727 3509 926 3566 exestimusF
991 3523 1023 3563 21
1045 3509 1131 3564 laicos
1152 3509 1262 3574 aliquos
1283 3506 1355 3570 edd,

203 3586 313 3652 aliquos
332 3603 386 3640 om
405 3585 499 3640 CD*F
565 3599 599 3650 24
617 3603 634 3640 o
653 3583 677 3638 si
695 3583 770 3638 inter
787 3583 811 3638 G
830 3581 901 3648 edd,
920 3581 944 3638 si
962 3581 1036 3636 inter
1053 3578 1192 3645 BCDEF,
1210 3579 1261 3634 hos
1280 3579 1355 3633 inter

204 3659 241 3715 A.
304 3657 342 3726 cf.
354 3665 382 3711 et
394 3675 412 3712 o
425 3675 448 3711 ει
440 3655 618 3722 'fatigentur
631 3664 658 3711 et
668 3673 687 3711 o
700 3672 724 3709 s1
717 3653 864 3710 viderent
876 3655 900 3710 C
901 3654 962 3720 onf
973 3653 1040 3708 IX
1028 3671 1059 3710 ev
1070 3667 1110 3708 ιο.
1184 3665 1353 3716 quamquam

203 3728 309 3786 osi...
319 3730 444 3784 ‚adesset
464 3725 543 3790 Viro.
560 3725 632 3782 Aen.
651 3725 695 3779 XI
712 3738 764 3792 415
830 3723 864 3779 26
884 3724 961 3778 forte
978 3721 1032 3778 EG
