3264 4658
243 441 278 494 94
566 428 712 486 SANCTI
731 429 955 488 AUGUSTINI
974 432 1073 489 VITA

244 586 405 667 argenteis
424 596 529 663 utens,
547 596 691 652 ceterum
708 608 787 652 vasa
804 587 920 670 quibus
939 610 1070 656 mensae
1088 591 1314 659 inferebantur
1332 593 1394 660 cibi

245 685 296 750 vel
310 696 412 750 testea
427 686 478 751 vel
492 686 599 770 lignea
614 689 665 752 vel
678 708 863 755 marmorea
879 689 1031 756 luerunt:
1048 713 1115 757 non
1129 704 1239 758 tamen
1254 693 1394 759 necessi-

245 785 321 851 tatis
344 787 463 868 inopia,
485 787 543 853 sed
563 790 732 871 proposito
753 791 953 857 voluntatis.⁶
998 791 1064 857 Sed
1086 805 1119 859 et
1140 794 1395 876 hospitalitatem

244 908 372 971 semper
388 888 543 954 exhibuit.
581 891 624 955 Et
641 891 675 955 in
691 890 762 973 ipsa
777 893 890 956 men'sa
905 893 1009 975 magis
1026 892 1196 974 lectionem
1213 894 1265 959 vel
1283 894 1393 978 dispu-

201 1005 217 1073 5
245 989 409 1067 tationem,
426 1009 525 1070 quam
540 990 757 1073 epulationem
772 992 1035 1076 potationemque
1052 993 1214 1076 diligebat,
1231 1007 1263 1062 et
1280 1006 1393 1070 contra

242 1089 461 1172 pestilentiam
472 1089 633 1156 humanae
644 1092 901 1159 consuetudinis⁷
915 1095 949 1160 in
960 1115 999 1159 ea
1012 1093 1170 1178 scriptum
1181 1097 1228 1162 ita
1238 1096 1392 1162 habebat:

391 1224 548 1307 Quisquis
572 1237 660 1290 amat
683 1226 778 1292 dictis
802 1228 973 1293 absentum
996 1228 1112 1295 rodere
1135 1229 1245 1307 vitam,

432 1326 506 1390 Hac
522 1347 635 1391 mensa
653 1326 819 1410 indignam
836 1328 965 1394 noverit
982 1350 1052 1396 esse
1071 1351 1173 1396 suam.

286 1459 329 1524 Et
348 1461 420 1526 ideo
438 1481 568 1525 omnem
586 1462 757 1527 convivam
774 1484 793 1526 a
812 1461 984 1544 superfluis
1001 1476 1036 1529 et
1053 1464 1161 1529 noxiis
1183 1465 1302 1531 fabulis
1322 1476 1393 1532 ses'e

179 1571 218 1620 10
243 1560 404 1626 abstinere
418 1561 534 1626 debere
547 1561 751 1628 admonebat.
788 1563 877 1628 Nam
890 1576 923 1630 et
937 1564 1097 1645 quosdam
1112 1586 1188 1631 suos
1205 1565 1391 1632 familiaris·

242 1661 341 1726 simos
363 1661 572 1745 coepiscopos
595 1663 681 1727 illius
705 1662 885 1744 scripturae
906 1663 1033 1742 oblitos,
1057 1675 1090 1730 et
1111 1677 1226 1732 contra
1249 1685 1323 1731 eam
1344 1667 1392 1732 lo·

243 1775 387 1844 quentes,
399 1775 469 1830 tam
480 1785 595 1847 aspere
608 1765 783 1846 aliquando
796 1767 1003 1850 reprehendit
1016 1779 1206 1846 commotus,
1220 1780 1257 1834 ut
1272 1769 1393 1834 diceret

228 1876 298 1929 aut
316 1864 468 1931 delendos
486 1865 559 1930 illos
575 1867 616 1932 de
632 1886 745 1930 mensa
761 1886 884 1944 versus,
902 1877 959 1932 aut
977 1888 1012 1933 se
1029 1866 1070 1934 de
1088 1867 1195 1934 media
1212 1869 1392 1935 refectione

244 1966 286 2030 ad
300 1987 396 2032 suum
411 1966 594 2033 cubiculum
608 1979 839 2034 surrecturum.
865 1969 966 2052 Quod
979 1990 1040 2052 ego
1055 1981 1087 2036 et
1101 1970 1156 2035 alii
1170 1972 1226 2053 qui
1243 1970 1288 2036 illi
1304 1989 1392 2035 men·

177 2081 215 2150 15
243 2089 298 2134 sae
313 2069 533 2148 interfuimus,
548 2073 675 2153 experti
690 2091 812 2137 sumus.

668 2275 823 2342 CAPUT
841 2275 964 2340 XXIII

447 2424 487 2489 In
505 2445 568 2490 usu
588 2424 752 2491 redituum
769 2425 1063 2493 ecclesiasticorum
1080 2427 1185 2510 qualis

284 2558 546 2640 Compauperum
563 2579 642 2625 vero
661 2580 789 2642 semper
805 2579 931 2626 memor
950 2572 1029 2638 erat,
1049 2562 1164 2643 hisque
1183 2562 1258 2629 inde
1277 2581 1391 2644 eroga·

241 2660 296 2724 bat
314 2660 401 2726 unde
418 2671 452 2724 et
471 2659 531 2725 sibi
551 2659 681 2741 suisque
701 2661 850 2726 omnibus
871 2681 982 2728 secum
1000 2663 1228 2740 habitantibus,
1250 2663 1311 2728 hoc
1331 2674 1390 2740 est,

174 2779 216 2828 20
241 2762 292 2826 vel
306 2781 350 2825 ex
364 2760 519 2826 reditibus
533 2761 775 2844 possessionum
790 2761 966 2840 Ecclesiae,
981 2765 1032 2829 vel
1048 2763 1147 2830 etiam
1163 2785 1205 2829 ex
1221 2763 1390 2829 oblationi·

240 2861 301 2925 bus
329 2859 483 2926 fidelium.
531 2861 574 2928 Et
602 2862 681 2926 dum
709 2861 806 2938 forte,
835 2873 870 2928 ut
899 2863 1033 2941 adsolet,
1061 2863 1102 2929 de
1130 2863 1389 2945 possessionibus

241 2962 320 3045 ipsis
339 2963 463 3028 invidia
481 2963 605 3029 clericis
624 2963 727 3042 fieret,
746 2963 970 3046 alloquebatur
987 2965 1115 3048 plebem
1133 2964 1220 3042 Dei,²
1239 2966 1335 3032 malle
1348 2985 1390 3031 se

241 3085 284 3129 ex
308 3064 533 3130 collationibus
555 3064 660 3147 magis
685 3065 785 3147 plebis
809 3066 872 3132 Dei
896 3067 1016 3143 vivere,
1040 3085 1140 3147 quam
1162 3065 1292 3130 illarum
1315 3087 1390 3148 pos·

241 3164 424 3230 sessionum
445 3185 557 3231 curam
577 3166 628 3231 vel
650 3165 917 3248 gubernationem
936 3165 1015 3248 pati,
1037 3177 1069 3242 et
1090 3176 1240 3248 paratum
1263 3186 1298 3231 se
1319 3185 1391 3230 esse

172 3278 191 3326 2
196 3274 212 3343 ς
241 3264 305 3330 illis
324 3264 448 3343 cedere,
467 3278 562 3332 uteo
581 3266 679 3333 modo
699 3287 811 3334 omnes
832 3266 894 3332 Dei
914 3267 999 3333 servi
1020 3278 1053 3332 et
1070 3266 1213 3332 ministri
1231 3266 1389 3343 viverent,

276 3448 288 3487 1
303 3439 396 3488 cetera
407 3432 453 3488 D*
465 3432 521 3489 εδδ
536 3446 539 3451 ·
586 3431 673 3499 uvel.
682 3472 689 3486 .
699 3471 705 3484 .
716 3435 771 3500 qb,
785 3446 816 3486 12
827 3431 913 3488 fidem
926 3433 1027 3488 demut
1038 3431 1068 3490 in
1079 3432 1108 3488 D
1121 3447 1218 3489 errore
1232 3431 1391 3489 tabubmm

239 3502 484 3568 phorotpptcarum
551 3502 569 3558 6
586 3502 626 3558 ita
645 3521 699 3559 om.
719 3502 819 3558 CEHJ
884 3503 902 3558 8
920 3503 972 3557 hac
991 3503 1101 3569 mensa]
1123 3504 1203 3568 AE*,
1221 3505 1294 3559 hanc
1313 3520 1391 3558 men·

241 3591 302 3630 sam
320 3573 527 3631 BCEFGHJK
545 3572 600 3631 εδδ
668 3571 828 3642 indigneC
896 3591 977 3630 suam
1011 3572 1147 3641 ΑΕΕἯ,
1168 3573 1211 3630 sui
1229 3575 1318 3642 BGQ,
1338 3591 1389 3630 sua

240 3645 274 3710 F,
296 3643 351 3702 sibi
375 3643 449 3701 EJK
473 3643 528 3700 εδδ
601 3658 620 3710 9
643 3661 661 3699 a
686 3661 741 3700 om.
764 3643 792 3697 A
869 3643 974 3699 fabulis
992 3647 1054 3714 -l-et
1079 3643 1300 3702 detractionibus
1325 3643 1389 3700 εδδ.

240 3713 330 3781 Qom
400 3728 430 3780 13
446 3711 889 3780 delendosJ-l-esseBCEFHJK
905 3714 959 3768 edd
1027 3731 1059 3770 se
1075 3711 1124 3778 de]
1142 3713 1200 3770 eA
1270 3714 1303 3769 18
1316 3729 1390 3768 sem-

238 3804 289 3853 per
307 3803 362 3842 om.
378 3786 405 3839 A
474 3802 632 3840 memorare
650 3785 687 3850 Α,
705 3801 815 3840 memor
831 3793 894 3841 erat
910 3784 955 3838 A*
1023 3785 1119 3851 eisque
1138 3783 1317 3842 CEFGHJK
1335 3783 1391 3841 edd

241 3875 273 3927 19
294 3876 388 3916 secum
409 3857 600 3914 babitantibus
622 3873 676 3914 om.
696 3856 758 3911 HK
824 3871 857 3924 23
879 3855 1266 3924 plebis....gubemationem
1289 3875 1344 3913 om.
1365 3857 1390 3912 F

239 3945 271 4002 25
290 3933 331 3990 illi
348 3932 375 3986 Α
445 3930 520 3987 servi
537 3928 584 3985 dei
600 3929 662 3984 AH
