3264 4658
230 431 278 487 116
549 435 679 493 SANCT
681 436 694 490 1
714 435 937 494 AUGUSTINI
957 438 1055 494 VITA

229 589 429 673 fugeramus,
447 591 480 655 in
497 591 674 675 eademque
690 594 778 660 omni
796 596 865 661 eius
882 595 1060 662 obsidionis
1077 608 1222 678 tempore
1241 598 1376 665 fuimus.

227 691 326 757 Unde
353 693 520 758 nobiscum
546 694 734 778 saepissime
760 695 1031 778 colloquebamur,
1059 710 1091 764 et
1118 698 1181 762 Dei
1207 700 1376 766 tremenda

227 791 347 857 iudicia
373 813 452 875 prae
479 795 582 860 oculis
609 795 730 861 nostris
757 797 864 879 posita
893 796 1185 878 considerabamus,
1215 799 1375 866 dicentes:

226 891 339 958 Iustus
357 915 392 960 es
407 895 558 972 Domine,
576 905 609 961 et
624 907 751 962 rectum
760 897 924 963 iudicium
940 901 1071 964 tuum.²²
1109 899 1300 982 Pariterque
1318 900 1376 967 do-

164 1010 180 1080 5
226 995 338 1072 lentes,
358 1006 523 1077 gementes
543 1007 576 1061 et
595 996 708 1064 flentes
729 999 902 1064 orabamus
921 999 1168 1065 miserationum
1190 1001 1323 1066 Patrem
1344 1013 1376 1068 et

226 1096 405 1160 Dominum
425 1097 530 1162 omnis
552 1099 819 1176 consolationis,²⁸
841 1111 878 1165 ut
899 1101 932 1165 in
953 1101 1067 1165 eadem
1087 1119 1147 1165 nos
1169 1101 1376 1168 tribulatione

227 1195 396 1263 sublevare
415 1198 612 1280 dignaretur.

652 1401 806 1468 CAPUT
825 1401 945 1466 XXIX

542 1552 679 1618 Morbus
697 1565 862 1619 extremus
880 1554 1057 1637 Augustini

164 1704 203 1752 10
268 1687 311 1752 Et
333 1686 419 1752 forte
437 1687 588 1769 provenit
606 1698 642 1752 ut
660 1707 725 1752 una
744 1708 820 1752 cum
838 1686 952 1754 eodem
970 1689 1014 1753 ad
1032 1707 1180 1754 mensam
1197 1689 1374 1767 constituti,

226 1797 258 1852 et
276 1788 351 1852 inde
370 1788 564 1864 fabulantes,
582 1787 673 1852 nobis
693 1789 830 1853 diceret:
870 1789 1058 1854 “Noveritis
1076 1810 1129 1854 me
1148 1791 1210 1854 hoc
1229 1801 1375 1872 tempore

225 1900 356 1953 nostrae
376 1888 568 1954 calamitatis
586 1888 622 1954 id
641 1891 749 1954 Deum
768 1910 893 1972 rogare,
914 1901 951 1954 ut
970 1901 1027 1955 aut
1046 1891 1130 1955 hanc
1151 1890 1315 1956 civitatem
1334 1890 1374 1956 ab

225 1989 371 2054 hostibus
387 1989 621 2055 circumdatam
635 1991 773 2055 liberare
788 1990 949 2071 dignetur,
966 2001 1023 2055 aut
1038 1992 1065 2056 si
1083 1990 1172 2057 aliud
1188 1993 1217 2057 ei
1234 1991 1374 2066 videtur,

225 2111 302 2155 suos
327 2111 438 2155 servos
463 2092 505 2157 ad
530 2091 761 2174 perferendam
785 2111 878 2156 suam
903 2091 1103 2156 voluntatem
1131 2091 1234 2156 fortes
1263 2091 1373 2168 faciat,

162 2204 176 2252 ι
183 2201 199 2268 5
225 2201 282 2259 aut
295 2201 380 2256 certe
394 2201 430 2256 ut
444 2212 513 2256 sese
527 2191 569 2257 de
580 2193 642 2256 hoc
656 2192 763 2258 seculo
778 2193 868 2258 adse
883 2192 1049 2274 accipiat.’'
1085 2193 1181 2274 Quae
1194 2194 1248 2258 ille
1263 2191 1374 2258 dicens

224 2311 347 2373 nosque
366 2293 539 2369 instruens,
558 2293 708 2374 deinceps
727 2315 801 2358 cum
818 2293 934 2358 eodem
952 2305 983 2358 et
1002 2293 1094 2358 nobis
1114 2304 1146 2358 et
1164 2293 1284 2358 nostris
1304 2313 1372 2358 om-

224 2393 329 2470 nibus,
353 2404 385 2459 et
408 2393 486 2475 ipsis
510 2395 565 2475 qui
590 2395 623 2458 in
647 2395 761 2460 eadem
784 2393 914 2459 civitate
940 2394 1081 2471 fuerant,
1107 2415 1126 2458 a
1150 2413 1278 2458 summo
1301 2395 1373 2458 Deo

224 2494 372 2559 similiter
399 2496 595 2576 petebamus.
646 2496 689 2558 Et
717 2516 790 2560 ecce
817 2495 915 2560 tertio
942 2495 1028 2560 illius
1056 2493 1233 2560 obsidionis
1261 2514 1372 2559 mense

224 2595 375 2660 decubuit
396 2596 548 2672 febribus,
566 2606 599 2660 et
616 2595 672 2660 illa
689 2595 802 2660 ultima
820 2596 1031 2661 exercebatur
1050 2595 1261 2678 aegritudine.
1302 2595 1374 2659 Nec

159 2712 200 2760 2ο
224 2716 321 2762 suum
344 2717 421 2762 sane
446 2696 607 2762 Dominus
634 2697 796 2761 famulum
821 2696 933 2761 fructu
959 2717 1036 2762 suae
1061 2695 1167 2778 precis
1194 2694 1371 2760 fraudavit.

226 2797 312 2861 Nam
336 2808 368 2862 et
391 2797 513 2880 sibiipsi
538 2808 570 2862 et
593 2798 698 2864 eidem
721 2797 843 2863 civitati
868 2796 956 2879 quod
978 2797 1159 2862 lacrimosis
1184 2795 1373 2879 depoposcit

223 2898 382 2979 precibus,
412 2898 446 2962 in
475 2911 619 2980 tempore
649 2898 843 2980 impetravit.
895 2898 983 2962 Novi
1013 2917 1141 2979 quoque
1171 2898 1311 2962 eundem
1340 2906 1372 2962 et

224 3000 449 3081 presbyterum
470 3011 501 3065 et
524 3000 720 3081 episcopum,
743 3020 803 3081 pro
826 2998 1020 3080 quibusdam
1042 2996 1267 3080 energumenis
1290 2997 1373 3079 pati-

224 3099 350 3163 entibus
368 3109 405 3164 ut
423 3110 531 3164 oraret
549 3109 709 3181 rogatum,
726 3119 865 3180 eumque
884 3100 919 3162 in
937 3099 1083 3162 oratione
1102 3098 1251 3161 lacrimas
1273 3096 1372 3161 fund·

157 3213 196 3280 25
224 3210 332 3264 entem
356 3201 464 3264 Deum
489 3221 630 3283 rogasse,
657 3213 689 3267 et
714 3199 888 3266 daemones
915 3201 954 3264 ab
979 3199 1163 3265 hominibus
1191 3197 1371 3263 recessisse.

225 3299 371 3380 Itemque
390 3301 432 3364 ad
451 3312 673 3383 aegrotantem
692 3313 723 3366 et
743 3301 826 3366 lecto
846 3310 1016 3365 vacantem
1035 3300 1196 3381 quendam
1216 3320 1291 3364 cum
1312 3317 1370 3364 suo

223 3410 357 3481 aegroto
375 3401 512 3478 venisse,
531 3413 562 3468 et
582 3401 746 3482 rogavisse
765 3413 802 3466 ut
820 3401 924 3467 eidem
942 3421 1077 3465 manum
1096 3400 1285 3481 imponeret,
1306 3416 1371 3481 quo

258 3599 348 3654 reius
364 3599 442 3654 omni
459 3600 486 3653 A
554 3601 673 3656 odeum
691 3599 828 3656 BDFGH
845 3600 899 3654 edd
970 3615 1001 3655 10
1016 3597 1177 3654 constitutis
1197 3597 1290 3654 CD*E
1308 3595 1363 3650 edd

223 3673 394 3727 famulantes
418 3673 455 3736 D,
481 3673 672 3730 fabulantibus
698 3671 730 3738 C,
753 3671 1000 3728 confabulantibus
1025 3672 1051 3725 E
1075 3671 1129 3726 edd
1199 3682 1229 3736 15
1254 3678 1286 3725 ut
1310 3684 1372 3724 sese
1402 3736 1405 3742 Ι

223 3763 277 3800 om.
293 3745 353 3809 CD,
366 3745 430 3801 odd.
444 3745 498 3810 D*,
511 3754 544 3801 ut
558 3763 602 3801 rne
618 3744 672 3800 edd
742 3745 774 3800 16
786 3761 851 3800 cum
866 3744 965 3800 eodem
980 3754 1008 3799 et
1024 3741 1118 3800 om.C
1192 3759 1248 3798 nos
1262 3749 1291 3796 et
1305 3756 1371 3796 nos-

220 3819 258 3872 tri
273 3835 372 3872 omnes
390 3828 417 3872 et
433 3817 487 3882 ipsi
503 3817 527 3872 C
544 3818 615 3882 edd,
630 3835 682 3871 nos
700 3826 727 3871 et
744 3817 834 3872 nostri
851 3833 949 3871 omnes
967 3815 1020 3880 ipsi
1037 3815 1063 3869 E
1133 3827 1163 3879 17
1182 3814 1296 3869 fuerant
1313 3811 1371 3867 civ-

222 3889 291 3946 itate
317 3889 477 3946 CDEFGH
501 3889 556 3946 edd
633 3904 664 3954 19
689 3886 1005 3956 febribusl-l-fatigatus
1030 3885 1092 3941 edd.
1117 3884 1370 3951 abcdenljtmnoqr

222 3977 276 4014 om.
294 3959 430 4027 fatigatus
500 3975 557 4026 110,
577 3973 609 4025 14
624 3957 805 4024 Peaereptos.
815 3998 821 4011 .
831 3999 837 4014 .
848 3971 894 4012 .22
908 3955 1069 4024 impetravit
1086 3955 1173 4012 om.J
