3264 4658
231 383 280 437 128
550 381 696 440 SANCTI
716 381 939 440 AUGUSTINI
958 382 1058 438 VITA

228 543 319 624 poris
343 543 467 619 defuit3
491 553 523 607 et
545 543 664 624 peribit
687 541 836 608 infirmus
859 565 926 609 non
950 544 983 608 in
1006 554 1063 613 tua
1088 545 1295 625 conscientia,
1319 547 1379 613 sed

229 645 413 727 ignorantia
433 645 546 722 frater,
565 656 698 728 propter
717 665 814 727 quem
833 646 983 712 Christus
1001 656 1151 712 mortuus
1170 650 1256 714 est.²⁷

271 761 301 828 7.
325 745 425 828 Quod
444 757 554 811 autem
573 747 616 812 ad
637 767 693 811 eos
714 748 839 824 attinet,
860 747 916 829 qui
937 749 970 813 in
991 749 1052 813 hac
1074 770 1108 813 re
1129 768 1195 814 non
1218 749 1378 816 falluntur

229 865 350 925 errore,
378 847 437 913 sed
466 846 643 913 ronnidine
669 859 874 930 superantur,
903 868 1004 930 quare
1032 869 1098 914 non
1126 849 1235 931 potius
1265 862 1380 916 contra

186 966 202 1033 5
230 966 327 1012 suum
354 949 506 1014 timorem
535 949 677 1014 Domino
707 950 883 1014 miserante
913 960 1011 1031 atque
1040 951 1215 1015 adiuvante
1246 950 1378 1016 fortiter

229 1048 393 1126 dimicant,
421 1070 462 1114 ne
489 1050 576 1114 mala
605 1050 674 1115 sine
702 1049 944 1133 comparatione
972 1052 1134 1132 graviora,
1162 1070 1245 1133 quae
1274 1053 1378 1117 multo

230 1149 368 1230 amplius
390 1160 466 1214 sunt
486 1151 663 1226 tremenda,
686 1149 896 1232 contingant?
938 1151 993 1216 Fit
1014 1153 1076 1217 hoc
1098 1151 1153 1216 ubi
1175 1153 1293 1217 caritas
1315 1153 1378 1218 Dei

229 1250 355 1332 flagrat,
371 1271 437 1315 non
453 1252 568 1316 mundi
585 1252 743 1334 cupiditas
763 1251 879 1316 fumat.
920 1252 1047 1317 Caritas
1066 1254 1154 1318 enim
1170 1252 1265 1318 dicit:
1294 1254 1378 1332 Quis

228 1352 422 1434 infirmatur,
445 1360 478 1415 et
497 1373 558 1434 epo
581 1373 649 1417 non
669 1352 839 1434 iufimnor?
884 1353 969 1431 Qus
989 1353 1238 1430 scandalizatur,
1262 1365 1296 1419 et
1317 1375 1377 1436 epo

165 1470 205 1519 ιο
227 1473 296 1517 rum
313 1453 441 1516 uror?18
481 1453 548 1518 Sed
565 1452 683 1518 caritas
701 1473 744 1517 ex
761 1454 834 1519 Deo
852 1464 909 1518 est.
950 1454 1093 1519 Oremus
1112 1474 1190 1537 ergo
1208 1468 1244 1521 ut
1263 1456 1303 1520 ab
1322 1455 1378 1520 illo

229 1555 334 1631 detur,
352 1574 371 1618 a
389 1573 454 1635 quo
472 1553 638 1618 iubetur.¹⁹
678 1554 721 1620 Et
738 1555 899 1636 perhanc
916 1555 1020 1637 magis
1037 1554 1220 1633 timeamus,
1240 1577 1280 1621 ne
1299 1576 1377 1621 oves

229 1654 351 1719 Christi
373 1655 527 1736 spiritalis
549 1655 711 1736 nequitiae
732 1655 840 1738 gladio
862 1654 896 1719 in
918 1655 1025 1734 corde,
1048 1676 1145 1737 quarn
1167 1677 1208 1720 ne
1230 1655 1322 1722 ferro
1343 1654 1377 1718 in

228 1774 364 1837 corpore
381 1754 593 1832 trucidentur,
611 1757 665 1820 ubi
682 1755 941 1837 quandocunque
958 1775 1151 1838 quocunque
1167 1757 1283 1822 mortis
1300 1777 1377 1839 gen-

229 1875 283 1920 ere
307 1855 458 1922 morituri
483 1867 567 1922 sunt.
616 1856 725 1938 Magis
749 1856 921 1922 timeamus
945 1878 987 1922 ne
1012 1877 1109 1922 sensu
1134 1856 1281 1922 interiori
1306 1878 1376 1922 cor-

165 1973 202 2042 15
229 1965 335 2037 rupto,
352 1969 463 2040 pereat
478 1958 612 2023 castitas
630 1956 716 2034 fidei,
734 1977 833 2039 quarn
849 1979 890 2022 ne
910 1957 1053 2022 feminae
1071 1958 1229 2022 violenter
1247 1969 1377 2023 constu-

228 2067 364 2140 prentur
389 2059 422 2122 in
449 2078 555 2124 carne,
603 2058 691 2140 Quia
718 2058 871 2124 violentia
897 2079 963 2122 non
990 2059 1130 2124 violatur
1157 2059 1322 2141 pudicitia,
1349 2058 1377 2123 si

228 2169 336 2224 mente
360 2170 525 2224 servatur:
550 2159 704 2240 quoniam
728 2161 844 2224 necin
867 2180 965 2224 carne
989 2158 1139 2238 violatur,
1165 2158 1296 2240 quando
1319 2180 1376 2224 vo-

229 2260 337 2324 luntas
360 2260 512 2341 patientis
537 2280 596 2325 sua
620 2262 758 2341 turpiter
781 2280 878 2324 carne
901 2280 967 2324 non
991 2260 1103 2336 utitur,
1127 2260 1185 2326 sed
1208 2260 1277 2326 sine
1301 2281 1376 2324 con-

229 2360 377 2426 sensione
401 2361 518 2426 tolerat
543 2360 632 2442 quod
657 2361 739 2426 alius
763 2363 957 2443 operatur.²⁰
1004 2361 1113 2444 Magis
1137 2361 1309 2426 timeamus
1335 2381 1376 2426 ne

161 2478 204 2527 20
227 2461 351 2543 lapides
368 2461 435 2525 vivi
452 2461 702 2544 exstinguantur
720 2461 939 2528 deserentibus
958 2461 1060 2539 nobis,
1079 2481 1176 2543 quarn
1194 2484 1235 2527 ne
1253 2459 1376 2542 lapides

227 2572 259 2626 et
277 2561 364 2643 ligna
382 2573 587 2626 terrenorum
603 2561 826 2627 aedificiorum
844 2560 1059 2626 incendantur
1076 2561 1299 2644 praesentibus
1319 2581 1376 2626 no-

227 2663 286 2728 bis.
330 2661 439 2744 Magis
461 2663 632 2728 timeamus
653 2683 694 2728 ne
716 2664 860 2728 membra
882 2663 1026 2744 corporis
1050 2661 1199 2728 Christi²¹
1223 2663 1377 2728 destituta

228 2763 365 2845 spiritali
392 2763 479 2828 victu
505 2775 671 2841 necentur,
697 2783 796 2845 quam
827 2763 898 2848 [ne]
928 2765 1075 2828 membra
1100 2763 1246 2846 corporis
1272 2763 1376 2828 nostri

229 2885 383 2946 oppressa
403 2865 512 2930 hostili
532 2864 655 2946 impetu
674 2875 896 2946 torqueantur.
940 2865 1017 2929 Non
1037 2863 1114 2946 quia
1134 2865 1195 2928 ista
1214 2885 1281 2929 non
1301 2874 1376 2928 sunt

160 2973 201 3041 25
229 2967 362 3031 vitanda
385 2987 458 3030 cum
482 2977 636 3048 possunt;
659 2966 717 3030 sed
740 2966 817 3047 quia
839 2964 947 3047 potius
973 2963 1110 3030 ferenda
1135 2975 1220 3041 sunt,
1246 2964 1377 3046 quando

228 3069 325 3133 vitari
343 3069 412 3133 sine
430 3068 594 3151 impietate
612 3089 678 3133 non
695 3080 848 3152 possunt:
867 3068 929 3133 nisi
950 3068 1039 3133 forte
1057 3067 1229 3150 quisquam
1245 3077 1376 3132 conten-

229 3167 313 3234 derit
331 3190 397 3234 non
415 3192 486 3235 esse
505 3170 691 3235 ministrum
711 3170 856 3251 impium,
877 3170 933 3250 qui
953 3179 1030 3234 tune
1051 3169 1212 3234 subtrahit
1231 3168 1376 3233 ministe-

229 3271 316 3336 rium
335 3270 446 3352 pietati
467 3271 695 3348 necessarium,
717 3269 847 3352 quando
867 3270 972 3352 magis
993 3282 1042 3335 est
1062 3267 1291 3334 necessarium.

264 3455 276 3493 1
302 3437 331 3493 in
356 3448 406 3494 tua
428 3457 486 3496 non
512 3437 627 3494 scientia
651 3437 783 3494 BDEFG
808 3437 879 3502 edd,
902 3437 932 3491 in
955 3445 1005 3492 tua
1031 3455 1088 3491 non
1113 3435 1284 3492 conscientia
1310 3435 1377 3491 CD*

229 3523 246 3577 7
265 3509 312 3566 dei
332 3509 435 3566 caritas
455 3510 560 3567 BDFG
582 3509 636 3566 edd
705 3525 724 3576 9
744 3527 801 3564 non
823 3527 876 3575 ego
897 3509 939 3564 bis
961 3508 1031 3574 edu,
1053 3525 1106 3575 ego
1127 3508 1249 3576 primum
1271 3518 1299 3564 et
1318 3525 1377 3562 non

226 3581 381 3637 secundum
401 3579 497 3634 om.A
567 3595 601 3634 n
617 3576 739 3642 Christi]
761 3579 851 3635 nostri
870 3578 938 3633 CD*
1004 3594 1039 3645 23
1056 3579 1227 3645 quam]†ne
1246 3578 1297 3634 CG
1315 3577 1376 3633 edd.

226 3653 354 3709 membra
377 3653 503 3718 corporis
529 3654 619 3708 nostri
644 3669 698 3707 om.
724 3649 748 3704 C
814 3663 847 3716 27
871 3650 1242 3716 impium....ministeriurn
1270 3667 1324 3707 om.
1349 3648 1375 3703 A

226 3727 262 3782 28
276 3725 401 3792 quando.
412 3723 646 3780 ...necessarium
665 3741 718 3780 om.
734 3722 762 3777 A
