3268 4668
245 445 279 512 84
567 442 712 501 SANCI'I
731 442 955 499 AUGUSTINI
974 442 1073 498 VITA

245 611 433 667 notescente
457 610 490 666 et
513 600 772 681 praevalescente
796 601 954 665 adversus
980 600 1071 664 illum
1097 598 1320 666 detestabilem
1344 620 1394 665 er·

245 721 355 767 rorem
375 712 481 766 rectae
500 700 578 766 fidei
595 700 742 765 veritate.

289 801 332 868 Et
355 813 424 867 erat
447 801 500 867 ille
522 801 740 866 memorabilis
763 800 814 866 vir
836 800 1047 885 praecipuum
1070 800 1393 885 dominici-corporis

238 904 436 980 membrum,
457 903 542 968 circa
560 902 754 967 universalis
774 902 940 968 Ecclesiae
959 902 1114 968 utilitates
1135 901 1290 968 sollicitus
1311 923 1394 968 scm·

203 1023 219 1091 5
246 1023 306 1088 per
326 1025 364 1068 ac
384 1003 530 1087 pervigil.
574 1003 617 1067 Et
638 1003 685 1069 illi
707 1002 861 1070 divinitus
882 1002 1041 1070 donatum
1060 1013 1118 1083 est,
1140 1014 1176 1068 ut
1198 1003 1238 1068 de
1260 1023 1395 1071 suorum

245 1105 393 1171 laborum
417 1104 537 1181 fructu,
560 1103 659 1170 etiam
678 1103 713 1169 in
734 1104 795 1169 hac
816 1104 884 1168 vita
904 1104 1047 1186 gaudere
1068 1104 1280 1185 provenisset,
1303 1104 1394 1187 prius

244 1205 378 1288 quidem
392 1207 427 1270 in
442 1204 648 1287 Hipponensi
664 1204 829 1270 Ecclesiae
844 1205 985 1286 regione,
1002 1206 1056 1270 cui
1072 1206 1215 1270 maxime
1231 1205 1394 1289 praeside-

245 1308 310 1384 bat,
328 1307 453 1371 unitate
470 1328 508 1372 ac
525 1327 605 1389 pace
623 1305 781 1387 perfecta,
800 1304 918 1371 deinde
937 1306 971 1369 in
990 1305 1061 1370 aliis
1080 1304 1218 1371 Africae
1236 1305 1392 1389 partibus,

246 1407 315 1473 sive
337 1428 395 1489 per
418 1407 569 1490 seipsum,
593 1407 661 1472 sive
682 1427 741 1489 per
763 1405 853 1483 alioS,
877 1418 909 1470 et
932 1426 1013 1488 quos
1037 1407 1106 1487 ipse
1129 1406 1264 1472 dederat
1287 1427 1393 1472 sacer-

182 1526 221 1574 10
246 1506 348 1584 dotes,
378 1507 553 1589 pullulasse
583 1517 616 1572 et
641 1507 889 1588 multiplicatam
920 1506 1023 1572 fuisse
1052 1507 1185 1572 Domini
1214 1504 1394 1573 Ecclesiam

245 1608 427 1690 pervidens,
455 1608 591 1689 illosque
618 1607 841 1684 Manichaeos‚
869 1608 1069 1685 Donatistas,
1099 1608 1333 1690 Pelagianistas
1361 1619 1393 1674 et

244 1729 389 1791 paganos
411 1729 453 1774 ex
474 1729 594 1791 magna
615 1719 709 1791 parte
730 1707 900 1786 defecisse,
925 1720 957 1775 et
980 1709 1145 1774 Ecclesiae
1167 1710 1230 1774 Dei
1253 1709 1392 1775 sociatos

245 1830 315 1874 esse
336 1807 552 1890 congaudens.
596 1809 808 1875 Provectibus
829 1829 959 1891 quoque
980 1820 1013 1875 et
1034 1808 1150 1874 studiis
1173 1809 1289 1874 favens
1312 1819 1391 1886 erat,

244 1920 277 1974 et
292 1911 459 1986 exsultans
473 1910 634 1974 bonorum
649 1911 803 1988 omnium,
820 1897 1143 1992 indisciplinationesl
1160 1911 1212 1993 pie
1228 1932 1267 1975 ac
1283 1921 1392 1976 sancte

183 2022 219 2090 15
244 2011 386 2074 tolerans
417 2011 567 2088 fratrum,
596 2011 873 2093 ingemiscensque
902 2013 942 2076 de
971 2010 1192 2093 iniquitatibus
1221 2013 1391 2089 malorum,

245 2111 313 2175 sive
332 2132 447 2176 eorum
465 2111 520 2192 qui
540 2111 625 2176 intra
643 2111 833 2188 Ecclesiam,
854 2112 922 2177 sive
941 2132 1056 2178 eorum
1073 2111 1129 2193 qui
1150 2123 1244 2177 extra
1263 2112 1392 2177 Eccles-

244 2211 311 2276 iam
329 2213 405 2276 sunt
422 2213 599 2290 constituti,
619 2211 799 2290 dominicis,
819 2225 855 2278 ut
875 2212 953 2290 dixi,
973 2213 1070 2278 lucris
1090 2210 1218 2295 semper
1235 2212 1391 2295 gaudens,

244 2323 276 2377 et
295 2313 420 2378 damnis
436 2333 595 2378 maerens.

287 2413 394 2478 Tanta
408 2424 519 2478 autem
535 2414 575 2479 ab
591 2413 707 2480 eodem
723 2414 845 2478 dictata
861 2425 893 2479 et
910 2413 998 2480 edita
1014 2424 1099 2493 sunt,
1117 2425 1273 2496 tantaque
1289 2414 1323 2478 in
1340 2433 1391 2479 ec-

179 2533 221 2583 20
245 2513 341 2579 clesia
371 2513 544 2596 disputata,
575 2526 709 2597 excepta
737 2526 835 2597 atque
864 2516 1044 2594 emendata,
1074 2515 1126 2580 vel
1156 2514 1312 2580 adversus
1344 2515 1391 2578 di·

244 2634 356 2679 versos
375 2615 565 2693 haereticos,
585 2615 636 2679 vel
656 2638 698 2681 ex
719 2617 880 2680 canonicis
900 2616 990 2680 libris
1011 2615 1161 2696 exposita
1180 2614 1223 2681 ad
1242 2614 1391 2680 aedifica·

243 2716 367 2780 tionem
379 2726 566 2780 sanctorum
579 2716 743 2781 Ecclesiae
756 2715 908 2795 filiorum,
923 2727 959 2780 ut
973 2737 1012 2782 ea
1025 2716 1135 2782 omnia
1149 2716 1207 2781 vix
1220 2716 1391 2798 quisquam

243 2814 464 2880 studiosorum
495 2815 660 2898 perlegere
691 2829 724 2882 et
755 2837 851 2882 nosse
883 2816 1030 2881 sufficiat.
1082 2816 1318 2882 Verumtamen
1349 2836 1391 2880 ne

243 2917 389 2983 veritatis
408 2919 497 2984 verbi
516 2919 718 2985 avidissimos
738 2920 772 2985 in
789 2918 897 3000 aliquo
918 2919 1074 2984 fraudare
1092 2919 1271 2996 videamur,
1292 2918 1391 2984 statui

178 3033 198 3083 2
202 3028 218 3096 5
243 3018 315 3082 Deo
327 3030 512 3101 praestante
526 3020 559 3085 in
571 3021 668 3086 huius
682 3020 828 3102 opusculi
842 3020 906 3085 fine
921 3021 1019 3086 etiam
1031 3018 1210 3084 eorundem
1224 3020 1390 3097 librorum,

243 3128 441 3182 tractatuum
456 3131 488 3184 et
503 3119 714 3200 epistolarum
728 3120 927 3185 indiculum⁶
942 3120 1137 3202 adiungere:
1153 3140 1218 3201 quo
1235 3120 1317 3186 lecto
1335 3120 1389 3202 qui

243 3219 346 3301 magis
360 3219 423 3284 Dei
438 3221 721 3310 veritatemffquam
735 3222 929 3301 temporales
943 3231 1055 3288 amant
1070 3221 1210 3298 divitias,
1227 3220 1287 3287 sibi
1302 3222 1390 3304 quis·

243 3340 305 3402 que
324 3321 412 3402 quod
430 3323 569 3388 voluerit
588 3323 631 3389 ad
649 3324 820 3406 legendum
840 3323 947 3405 eligat,
967 3335 999 3390 et
1017 3322 1053 3390 id
1071 3322 1114 3388 ad
1132 3321 1389 3400 describendum,

243 3420 295 3486 vel
311 3422 352 3487 de
365 3422 557 3499 bibliotheca
573 3424 794 3507 Hipponensis
811 3424 965 3490 ecclesiae
980 3433 1079 3506 petat,
1096 3423 1151 3490 ubi
1169 3423 1390 3489 emendatiora
1413 3439 1415 3444 ’

274 3653 291 3691 2
309 3646 399 3694 sectae
417 3639 453 3705 A,
472 3657 525 3696 om.
544 3640 568 3695 C
634 3643 677 3710 64,
697 3643 729 3698 18
746 3642 824 3698 Inter
840 3661 886 3698 ea.
897 3685 902 3696 .
913 3641 1061 3699 ..veritate
1079 3643 1170 3700 οη]
1236 3658 1254 3709 4
1270 3640 1391 3698 utilitate

224 3708 302 3790 ‚lt-G,
321 3707 470 3792 utilitatem
491 3713 568 3768 CDE
587 3714 643 3772 edd
711 3727 729 3780 7
746 3715 777 3769 in
796 3713 961 3780 hipponensi
980 3715 1104 3771 ecclesiae
1124 3723 1152 3772 et
1172 3714 1288 3782 regione
1306 3716 1340 3779 B,
1360 3713 1389 3768 in

243 3779 425 3862 hipponensrs
440 3782 563 3838 ecclesiae
578 3792 607 3839 et
622 3782 738 3850 regione
755 3785 815 3851 CD,
831 3792 946 3840 eteros.
962 3783 1016 3849 D*,
1032 3783 1062 3839 in
1078 3783 1251 3851 hipponense
1267 3783 1390 3840 ecclesiae

242 3857 270 3906 et
290 3865 406 3916 regione
424 3850 458 3917 F,
476 3851 507 3906 in
525 3851 691 3918 hipponensi
710 3852 830 3910 ecclesia
849 3861 878 3910 et
898 3852 1013 3921 regione
1033 3854 1090 3912 edd
1161 3869 1192 3923 13
1212 3853 1389 3936 profectibus

240 3919 365 4047 BDllliff7
381 3921 441 4048 edidi
504 3936 536 3988 14
552 3939 585 3978 ac
601 3932 697 4008 sancte
717 3940 772 3979 om.
789 3922 815 3976 Α
867 3923 918 4008 ,16
935 3931 1018 3980 extra
1035 3921 1142 3980 eamd
1210 3940 1245 3980 ao
1263 3924 1390 3979 dwersos

240 3991 999 4204 §Jnea‘riirnffintiliiifi¹⁰⁰jjss⁵⁰gffilg÷2bffgi⁶
1064 3997 1396 4135 biffiuiiiibic'·

299 4153 335 4201 eg
351 4153 369 4188 n
390 4153 437 4191 um
489 4153 689 4204 ecognoscen
709 4171 710 4179 κ
730 4155 758 4191 m
917 4155 932 4194 e
