3268 4668
220 399 254 463 78
494 436 495 439 =
542 401 688 460 SANC'II
707 402 931 460 AUGUSTINI
950 403 1049 460 VITA

222 577 296 622 rore
316 557 417 640 ipsius
439 571 553 644 sectae,
573 562 615 626 ad
635 571 783 626 nostram
803 581 978 628 conversus
1000 573 1049 628 est
1069 562 1170 629 fidem
1189 573 1285 645 atque
1307 563 1369 630 Ec-

221 658 362 736 clesiam,
383 658 467 725 sicut
486 659 601 726 eadem
622 661 740 730 relecta
761 663 878 728 docere
898 663 1017 746 poterit
1038 665 1222 746 scriptura.⁶

655 863 811 932 CAPUT
826 865 928 929 XVII

327 1015 516 1081 Pascentius
538 1028 647 1080 comes
668 1016 814 1081 Arianus
836 1018 870 1081 in
892 1014 1064 1083 collatione
1087 1017 1265 1082 revincitur

177 1171 193 1240 ς
264 1151 437 1216 Praeterea
449 1171 523 1216 curn
535 1151 678 1232 quodam
690 1150 789 1216 etiam
801 1151 986 1215 Pascentio1
1000 1151 1118 1216 comite
1132 1153 1246 1217 domus
1261 1153 1370 1234 regiae

221 1251 370 1329 Ariano,²
390 1253 445 1332 qui
465 1272 523 1333 per
542 1251 769 1318 auctoritatem
788 1272 867 1316 suae
886 1271 1044 1334 personae
1064 1252 1134 1316 fisci
1155 1254 1369 1318 vehementis-

221 1352 321 1418 simus
341 1363 483 1430 exactor,
503 1351 601 1417 fidem
620 1351 821 1418 Catholicam
839 1352 992 1419 atrociter
1010 1375 1047 1420 ac
1067 1353 1184 1435 iugiter
1203 1374 1369 1436 oppugna·

220 1454 285 1529 bat,
301 1463 334 1518 ot
349 1454 604 1534 quamplurimos
622 1454 805 1518 sacerdotes
822 1454 885 1518 Dei
903 1453 1114 1540 simpliciores
1132 1452 1197 1519 fide
1213 1456 1369 1531 viventes,

222 1554 390 1619 dicacitate
415 1564 447 1619 et
472 1564 632 1636 potestate
657 1555 852 1636 exagitabat¹
868 1566 901 1619 et
926 1555 1143 1636 perturbabat,
1170 1555 1369 1636 interpositis

158 1674 197 1725 10
220 1654 388 1720 honoratis
409 1666 441 1720 et
461 1655 620 1719 nobilibus
641 1655 731 1732 viris,
752 1654 840 1737 apud
862 1654 1094 1738 Carthaginem
1113 1655 1153 1720 ab
1175 1655 1231 1720 illo
1252 1675 1369 1737 provo·

221 1767 322 1832 catus,
353 1777 463 1822 coram
494 1756 639 1821 contulit.
692 1755 758 1821 Sed
787 1755 873 1820 idem
904 1755 1086 1822 haereticus
1115 1756 1241 1821 tabulas
1272 1766 1369 1838 atque

221 1857 341 1933 stilum,
365 1857 453 1938 quod
473 1857 629 1940 magister
651 1868 762 1923 noster
785 1868 818 1921 et
839 1867 915 1921 ante
938 1876 1157 1938 congressum,
1180 1868 1213 1923 et
1236 1857 1269 1920 in
1292 1876 1369 1920 con·

218 1977 334 2040 gressu
355 1957 586 2022 instantissime
607 1955 678 2021 fieri
699 1956 836 2033 volebat,
857 1977 899 2021 ne
919 1956 1070 2021 adessent
1091 1955 1297 2022 omnimodo
1319 1976 1369 2022 re·

220 2059 354 2125 cusavit.
393 2059 438 2124 Et
452 2059 532 2124 dum
546 2058 580 2123 id
595 2068 813 2142 pernegasset,
830 2059 940 2123 dicens
956 2061 1044 2141 quod
1060 2059 1168 2140 legum
1183 2069 1272 2123 metu
1289 2055 1369 2140 pub-

157 2188 194 2256 15
220 2162 358 2229 licarum
387 2163 562 2245 periclitari
593 2162 710 2227 talibus
741 2162 870 2244 scriptis
899 2162 1010 2242 nollet,
1040 2171 1137 2244 atque
1169 2160 1368 2242 interpositis

211 2264 406 2346 adplicaret,
424 2274 456 2330 et
472 2264 676 2346 Augustinus
694 2263 873 2345 episcopus,
891 2283 965 2330 curn
983 2262 1050 2328 suis
1067 2262 1123 2345 qui
1140 2261 1276 2328 aderant
1293 2282 1370 2326 con-

220 2364 441 2430 sacerdotibus
465 2365 632 2429 videretur
655 2375 692 2430 ut
716 2364 837 2446 absque
861 2364 917 2428 illa'
942 2362 1101 2444 scriptura
1125 2363 1280 2446 privatim
1302 2362 1368 2428 dis-

219 2476 381 2548 putarent,
417 2464 624 2530 collationem
658 2464 817 2546 suscepit:
854 2462 1054 2547 praedicens,
1091 2475 1128 2529 ut
1161 2462 1370 2546 postmodum

220 2567 365 2649 contigit,
390 2566 478 2648 quod
501 2577 577 2647 post
601 2568 745 2631 solutum
767 2575 963 2631 conventum
987 2585 1058 2630 esse
1083 2564 1235 2646 cuiquam
1259 2574 1369 2647 posset

154 2692 196 2740 20
219 2667 357 2733 liberum
384 2667 471 2732 forte
495 2667 612 2744 dicere,
636 2668 726 2731 nullo
751 2666 931 2748 scripturae
955 2664 1159 2741 documento,
1185 2686 1220 2730 se
1245 2663 1369 2728 dixisse

220 2770 307 2854 quod
326 2769 414 2833 forte
431 2789 497 2832 non
514 2768 644 2843 dixerit,
662 2769 714 2832 vel
730 2788 796 2831 non
814 2766 937 2832 dixisse
954 2763 1042 2846 quod
1061 2764 1189 2830 dixerit.
1231 2765 1274 2828 Et
1291 2765 1369 2830 mis·

219 2869 286 2935 cuit
304 2890 377 2934 curn
394 2868 509 2936 eodem
526 2889 717 2945 sermonem,
736 2880 833 2949 atque
852 2867 990 2931 asseruit
1007 2866 1086 2948 quid
1105 2866 1259 2941 crederet,
1279 2876 1311 2930 et
1327 2864 1369 2928 ab
1426 2919 1429 2924 .

220 2969 275 3037 illo
289 2981 423 3047 teneret,
437 2968 572 3047 audivit,
586 2980 619 3034 et
632 2990 711 3034 vera
725 2953 851 3033 ratione
865 2978 962 3049 atque
976 2965 1169 3043 auctoritate
1185 2965 1368 3046 Scriptura-

219 3091 294 3136 rum
311 3072 437 3154 prolata
456 3069 566 3137 docuit
584 3081 617 3135 et
634 3069 776 3136 ostendit
795 3078 926 3134 nostrae
943 3067 1021 3132 fidei
1039 3067 1260 3130 firmamenta:
1281 3064 1368 3129 illius

153 3189 192 3257 ες
219 3180 329 3236 autem
354 3181 479 3236 asserta
505 3169 594 3235 nulla
619 3168 766 3246 veritate,
793 3167 883 3232 nulla
911 3167 1155 3250 Scripturarum
1182 3175 1368 3231 sanctarum

220 3272 413 3337 auctoritate
435 3271 571 3337 suffulta
592 3270 703 3337 docuit
724 3282 757 3336 et
780 3270 963 3335 frustravit.
1008 3267 1050 3332 Et
1073 3278 1109 3333 ut
1130 3290 1149 3333 a
1172 3288 1206 3333 se
1228 3267 1368 3332 invicem

251 3457 268 3512 8
296 3455 465 3521 simpliciore
493 3453 603 3520 BEFG,
631 3452 794 3519 simpliciori
823 3449 892 3506 CD*
920 3451 976 3507 εδδ
1041 3465 1060 3516 9
1087 3467 1120 3505 ac
1148 3457 1286 3514 potestate
1314 3447 1369 3504 edd

222 3544 253 3585 12
266 3545 335 3596 quas
347 3529 409 3596 BQ,
422 3545 477 3594 quo
490 3526 516 3584 C
576 3523 667 3592 mauis
680 3533 779 3581 noster
790 3524 851 3579 LM
915 3537 945 3588 13
959 3521 1107 3578 recusabat
1120 3521 1187 3576 BF*
1201 3520 1273 3585 εδδ,
1287 3535 1368 3575 recu·

220 3601 292 3657 sabit
306 3601 332 3655 F
400 3615 432 3666 14
444 3598 540 3665 metus
553 3597 649 3664 legum
662 3597 699 3662 D,
713 3602 840 3651 metuuru
855 3593 950 3660 legum
963 3591 997 3658 F,
1010 3599 1088 3648 metu
1104 3589 1197 3658 legum
1213 3589 1268 3648 εδδ
1337 3601 1367 3656 15

219 3671 322 3729 tabulis
341 3670 418 3728 CDF
435 3669 490 3726 εδδ
559 3667 591 3723 16
607 3665 749 3733 adplicare
767 3667 800 3731 B,
818 3663 849 3719 id
866 3664 977 3730 placere
995 3661 1124 3718 CDEFG
1142 3661 1197 3718 εδδ
1264 3669 1293 3717 et
1312 3679 1367 3717 om.

218 3741 375 3800 BCDEFG
391 3740 448 3796 εδδ
515 3751 547 3804 17
563 3735 673 3793 videret
689 3735 765 3793 EFG
783 3733 837 3792 εδδ
905 3732 963 3789 ulla
981 3731 1110 3790 CDEFG
1127 3729 1184 3787 εδδ
1250 3743 1285 3797 24
1300 3745 1368 3797 pro·

218 3812 285 3870 bata
300 3811 363 3868 εδδ.
396 3807 551 3877 Qexltibet
567 3805 678 3874 prolata
