3264 4658
237 427 284 477 142
481 451 484 456 ,
556 413 701 470 SANCTI
721 413 944 471 AUGUSTINI
964 416 1064 472 VITA

235 571 416 649 incolumis,
439 572 565 654 integro
587 583 718 655 aspectu
742 583 838 654 atque
859 573 984 652 auditu,
1008 585 1050 655 et,
1073 585 1109 642 ut
1132 575 1289 658 scriptum
1310 580 1384 654 est,⁴

235 672 327 737 nobis
343 673 521 738 astantibus
537 684 570 738 et
584 673 767 739 videntibus
782 686 815 739 et
830 675 1007 754 orantibus,
1024 675 1179 742 dormivit
1194 697 1269 743 cum
1284 679 1385 760 patri-

234 773 294 838 bus
313 772 389 850 suis,
408 773 569 839 enutritus
588 775 622 838 in
639 775 723 843 bona
742 784 923 840 senectute:
943 787 975 841 et
993 776 1086 842 nobis
1105 797 1217 841 coram
1234 797 1294 860 pro
1314 779 1384 843 eius

234 873 490 940 commendanda
516 875 660 957 corporis
687 875 898 956 depositione,
924 876 1119 942 sacrificium
1142 879 1214 943 Deo
1240 879 1385 944 oblatum

192 987 208 1056 5
234 983 294 1051 est,
319 985 352 1039 et
378 976 522 1057 sepultus
549 987 607 1041 est.
655 977 902 1042 Testamentum
926 977 1052 1042 nullum
1078 978 1167 1056 fecit,
1193 980 1271 1060 quia
1297 978 1383 1047 unde

235 1075 360 1141 faceret
374 1096 498 1159 pauper
513 1078 575 1141 Dei
592 1097 658 1141 non
673 1077 795 1142 habuit.
834 1078 998 1144 Ecclesiae
1013 1079 1384 1146 bibliothecamomnes-

234 1196 297 1257 que
322 1176 448 1244 codices
475 1177 646 1260 diligenter
670 1178 810 1262 posteris
835 1178 1065 1261 custodiendos
1091 1200 1218 1262 semper
1244 1181 1382 1247 iubebat.

235 1277 272 1343 Si
288 1278 368 1359 quid
385 1299 464 1343 vero
482 1279 615 1343 ecclesia
634 1281 685 1344 vel
703 1279 736 1344 in
756 1281 946 1361 sumptibus,
965 1280 1016 1344 vel
1034 1280 1069 1345 in
1086 1283 1286 1348 ornamentis
1305 1283 1383 1348 hab·

234 1379 292 1456 uit,
305 1378 381 1443 fidei
394 1378 582 1461 presbyteri,
597 1380 653 1461 qui
667 1381 726 1444 sub
740 1381 855 1444 eodem
870 1383 984 1446 domus
999 1383 1153 1447 ecclesiae
1167 1402 1280 1448 curam
1291 1403 1383 1466 gere-

170 1491 210 1540 10
232 1479 297 1557 bat,
324 1478 455 1544 dimisit.
505 1481 576 1546 Nec
602 1501 678 1547 suos
705 1481 972 1563 consanguineos,
999 1483 1051 1548 vel
1077 1483 1111 1547 in
1137 1484 1305 1565 proposito
1331 1483 1382 1549 vel

234 1590 329 1644 extra
352 1581 555 1657 constitutos,
579 1582 613 1646 in
637 1602 697 1646 sua
720 1583 787 1646 vita
811 1592 843 1647 et
865 1593 970 1648 morte
993 1583 1083 1665 vulgi
1105 1605 1197 1650 more
1220 1585 1381 1650 tractavit.

233 1681 362 1762 Quibus
383 1701 457 1745 cum
475 1682 582 1748 adhuc
602 1693 795 1762 superesset,
816 1682 850 1747 id
869 1683 897 1746 si
916 1703 999 1765 opus
1022 1684 1088 1747 fuit
1106 1684 1194 1766 quod
1214 1696 1247 1750 et
1265 1686 1381 1750 ceteris

232 1781 389 1863 erogavit,
411 1803 477 1847 non
498 1792 535 1847 ut
555 1783 685 1847 divitias
706 1782 871 1860 haberent,
894 1785 952 1849 sed
973 1794 1009 1847 ut
1030 1795 1173 1848 autnon
1193 1795 1252 1850 aut
1273 1786 1381 1852 minus

232 1896 373 1966 egerent.
416 1884 548 1950 Clerum
568 1885 885 1963 sufficientissimum,
907 1896 938 1951 et
959 1887 1157 1950 monasteria
1177 1886 1324 1952 virorum
1344 1908 1382 1952 ac

170 1995 207 2063 ις
233 1985 431 2050 feminarum
450 1985 689 2050 continentibus
709 2006 783 2050 cum
803 1985 870 2051 suis
889 1986 1082 2068 praepositis
1102 1988 1196 2068 plena
1216 1987 1382 2052 Ecclesiae

233 2087 365 2164 dimisit,
391 2108 456 2153 una
482 2109 557 2153 cum
580 2088 772 2154 bibliotheca
797 2100 830 2154 et
854 2089 944 2154 libris
967 2099 1126 2154 tractatus
1151 2090 1203 2154 vel
1228 2110 1304 2155 suos
1329 2092 1381 2155 vel

232 2190 371 2255 aliorum
385 2201 573 2255 sanctorum
585 2189 786 2268 habentibus,
801 2191 835 2254 in
849 2189 965 2272 quibus
981 2191 1067 2255 dono
1082 2189 1144 2254 Dei
1159 2191 1264 2272 qualis
1279 2208 1381 2272 quan·

231 2299 349 2371 tusque
364 2291 398 2354 in
413 2290 559 2355 Ecclesia
575 2280 677 2356 fuerit
691 2292 846 2369 noscitur,
862 2301 894 2355 et
909 2291 960 2355 his
975 2312 1103 2373 semper
1118 2291 1228 2356 vivere
1243 2312 1264 2355 a
1278 2289 1379 2355 fideli-

231 2391 291 2456 bus
312 2391 485 2456 invenitur.
526 2390 626 2457 xquta
647 2390 734 2472 quod
755 2391 853 2456 etiam
873 2391 1069 2456 secularium
1095 2391 1257 2474 [quidam]
1285 2402 1382 2474 poeta

167 2507 209 2556 20
232 2492 345 2557 iubens
362 2512 427 2574 quo
443 2490 502 2557 sibi
520 2492 681 2557 tumulum
698 2503 827 2557 mortuo
844 2493 878 2558 in
895 2512 1013 2574 aggere
1029 2491 1157 2575 publico
1174 2492 1380 2569 collocarent,

231 2603 471 2676 programmate
488 2593 571 2670 fixit,
591 2593 711 2670 dicens,

399 2728 520 2793 Vivere
542 2738 617 2810 post
638 2727 763 2793 obitum
783 2738 873 2793 vates
896 2727 946 2792 vis
969 2747 1064 2792 nosse
1085 2726 1213 2791 viator?

337 2829 436 2911 Quod
459 2829 538 2911 legis
560 2850 633 2894 ecce
655 2829 781 2910 loquor,
803 2850 869 2893 vox
892 2839 949 2893 tua
970 2849 1085 2910 nempe
1108 2848 1180 2892 mea
1202 2830 1274 2893 est.⁵

273 2964 318 3029 Et
331 2966 365 3028 in
379 2964 446 3030 suis
459 2963 591 3045 quidem
605 2963 733 3044 scriptis
748 2962 800 3028 ille
814 2963 886 3027 Deo
900 2971 1049 3043 acceptus
1063 2973 1096 3038 et
1109 2980 1203 3026 carus
1218 2958 1379 3037 sacerdos,

164 3092 204 3160 25
232 3076 391 3146 quantum
418 3065 545 3130 lucente
574 3064 711 3130 veritate
739 3062 850 3129 videre
880 3061 1077 3138 conceditur,
1108 3070 1195 3126 recte
1223 3081 1262 3125 ac
1292 3081 1379 3138 sane,

231 3165 318 3244 fidei,
333 3166 401 3247 spei
415 3178 448 3233 et
462 3165 606 3232 caritatis
622 3164 808 3230 Catholicae
822 3163 988 3228 Ecclesiae
1002 3162 1124 3227 vixisse
1137 3161 1379 3237 manifestatur,

264 3366 281 3405 2
301 3359 329 3406 et
348 3349 507 3405 videntibus
527 3358 557 3406 et
576 3349 722 3405 orantibus
743 3364 798 3403 om.
817 3347 901 3403 Elim
968 3364 1032 3401 cum
1053 3364 1087 3402 eo
1108 3343 1214 3410 pariter
1233 3341 1382 3426 orantibus

230 3423 263 3478 Η
284 3423 345 3479 edd.
380 3422 756 3489 LMNOPbcdepjklmopqr
776 3438 831 3476 om.
852 3435 915 3475 cum
936 3435 971 3474 eo
991 3417 1099 3486 pariter
1165 3414 1379 3498 dormivrtlrl-rn

231 3511 300 3562 pace
318 3495 359 3560 H,
377 3491 549 3550 obdormivit
570 3492 647 3548 CDF
666 3491 721 3548 edd
787 3505 805 3557 3
824 3500 852 3545 et
872 3489 995 3544 nutritus
1014 3489 1094 3554 lm,
1114 3492 1255 3542 enutritus
1273 3503 1330 3567 om.
1348 3484 1380 3539 N

232 3579 248 3632 5
261 3565 385 3630 sepultus
397 3563 669 3632 est14vixitauteru
682 3562 762 3617 annis
774 3559 901 3615 LXXVI
913 3560 942 3615 in
952 3557 1086 3616 clericatu
1098 3575 1166 3612 vero
1179 3557 1224 3611 vel
1236 3570 1380 3622 episcopa-

232 3648 263 3693 tu
280 3635 363 3692 annis
383 3635 474 3690 ferme
494 3633 546 3688 XL
563 3634 595 3688 H
664 3647 696 3688 10
714 3631 833 3698 dimisit]
855 3631 901 3686 hic
919 3629 1053 3687 disistit!
1121 3643 1153 3682 12
1170 3627 1240 3708 dum
1257 3623 1378 3683 BCDE*

231 3707 315 3764 FGH
333 3706 404 3772 edd„
422 3703 632 3771 quibusdamE
702 3717 733 3769 15
750 3700 957 3758 continentium
973 3701 999 3755 E
1017 3694 1236 3780 morunt!
1252 3697 1278 3752 F
1288 3765 1295 3778 ο
1348 3691 1380 3776 26

230 3777 409 3836 bibliothecis
427 3775 515 3832 libros
534 3784 563 3832 et
579 3780 705 3830 tracatus
724 3770 929 3829 BCDtEFGH
949 3769 1020 3837 edd,
1039 3768 1118 3824 libris
1136 3767 1165 3823 D
1237 3766 1269 3822 18
1286 3779 1316 3819 m
1334 3764 1379 3818 hrs

231 3848 388 3906 BCDEFG
405 3846 461 3906 edd
530 3860 561 3913 19
577 3840 913 3912 quidamIECDEFGH
930 3839 1002 3905 edd,
1021 3855 1076 3894 orm
1092 3836 1119 3891 Α
1188 3833 1379 3902 poetarumB

232 3919 288 3977 edd
353 3933 388 3974 2ο
398 3916 458 3974 suis
470 3915 568 3973 iubens
581 3914 715 3971 CDEFH
727 3911 799 3977 edd,
813 3913 857 3968 sui
869 3911 893 3966 G
961 3924 992 3964 21
1007 3905 1229 3974 programmate]
1244 3903 1380 3960 ABDEG

231 3989 499 4057 Htcdeahjknmop,
517 3992 725 4052 pragrarnmate
742 3998 765 4049 r,
783 3979 990 4049 programatice
1007 3979 1039 4042 F,
1058 3977 1259 4044 epigrammate
1278 3973 1309 4039 C,
1327 3988 1380 4039 pro
1481 4036 1486 4040 ,

232 4058 434 4126 epigrammate
447 4057 482 4125 p*
497 4057 551 4114 edd
615 4053 698 4110 finxit
713 4053 737 4109 G
752 4053 806 4109 edd
870 4065 903 4106 22
917 4058 1011 4106 vatem
1025 4043 1213 4104 BCDEFGH
1227 4043 1282 4102 edd
1346 4055 1381 4108 24

232 4138 362 4196 acceptus
376 4137 421 4185 est
433 4143 516 4184 carus
529 4126 557 4182 A
1110 4155 1122 4176 ,
