3268 4668
244 443 279 496 70
566 431 711 490 SANCTI
731 433 954 490 AUGUSTINI
973 435 1072 491 VITA

246 611 335 668 num,
351 602 388 656 ut
405 591 483 670 dixi,
500 613 558 674 per
575 604 724 658 sanctum
740 593 832 658 illum
848 595 1011 659 hominem
1029 595 1300 662 consentientibus
1318 615 1394 662 nos·

245 692 306 756 tris
324 693 525 775 coepiscopis
545 706 577 759 et
596 693 718 774 pariter
738 694 968 776 satagentibus,
989 706 1022 762 et
1043 707 1193 777 coeptum
1212 706 1245 762 et
1265 695 1393 778 perfec-

246 805 317 859 tum
334 806 391 860 est.

693 1084 846 1150 CAPUT
863 1085 947 1148 XIV

204 1256 220 1324 ς
451 1235 616 1301 Emeritus
636 1235 805 1319 episcopus
825 1237 998 1337 Donatista
1018 1249 1189 1318 superatus

291 1370 395 1436 Porro
413 1382 521 1435 autem
540 1370 694 1452 quoniam
711 1382 786 1453 post
803 1372 892 1436 illam
909 1392 992 1453 quae
1009 1393 1084 1436 cum
1103 1372 1285 1438 Donatistis
1306 1372 1395 1438 facta

249 1481 297 1536 est
324 1471 538 1549 collationem,
566 1492 631 1536 non
657 1471 835 1538 defuerunt
862 1474 917 1553 qui
944 1472 1101 1538 dicerent1
1127 1473 1302 1554 permissos
1330 1494 1396 1539 non

250 1572 353 1637 iuisse
368 1572 499 1637 eosdem
514 1573 681 1655 episcopos
695 1575 783 1654 apud
798 1583 1001 1655 potestatem,
1016 1594 1098 1655 quae
1115 1594 1247 1639 causam
1261 1574 1396 1651 audivit,

248 1672 356 1738 dicere
375 1673 483 1738 omnia
502 1695 562 1755 pro
581 1674 648 1738 suis
666 1674 821 1754 partibus,
841 1674 995 1755 quoniam
1014 1675 1200 1740 Catholicae
1218 1675 1397 1739 communi-

185 1785 226 1836 ιο
248 1775 320 1839 onis
344 1775 492 1856 cognitor
513 1796 591 1840 suae
615 1775 747 1840 favebat
771 1775 951 1840 Ecclesiae:
976 1775 1049 1840 licet
1072 1776 1133 1839 hoc
1155 1774 1341 1840 deficientes
1365 1788 1398 1841 et

248 1874 325 1940 victi
350 1876 393 1940 ad
416 1876 659 1941 excusationem
684 1877 850 1952 iactarem,
875 1875 1137 1958 quandoquidem
1162 1887 1195 1941 et
1220 1886 1295 1942 ante
1321 1895 1397 1940 con-

249 1976 442 2040 troversiam
470 1977 570 2040 iidem
596 1977 749 2042 haeretici
779 1976 963 2043 Catholicae
992 1976 1228 2042 communionis
1258 1976 1398 2043 eundem

249 2098 321 2142 esse
338 2088 505 2154 noverant,
525 2088 558 2144 et
576 2078 655 2142 dum
673 2078 712 2144 ab
731 2079 845 2143 eodem
864 2078 1115 2142 convenirentur
1133 2077 1268 2160 publicis
1287 2079 1397 2160 gestis,

249 2198 314 2258 quo
330 2177 373 2242 ad
388 2179 618 2243 emulationem
632 2189 848 2255 occurrerent,
866 2188 898 2244 et
915 2200 949 2260 se
968 2178 1115 2244 facturos
1131 2181 1293 2260 prosecuti
1312 2189 1397 2243 sunt.

187 2279 223 2348 15
250 2279 406 2344 Poterant
420 2279 531 2359 utique
546 2289 731 2360 suspectum
745 2300 820 2367 eum
833 2280 997 2356 habentes,
1013 2299 1162 2345 recusare
1177 2298 1397 2360 congressum.

250 2380 374 2446 Tamen
392 2380 621 2460 omnipotentis
638 2380 704 2464 Dei,
717 2379 878 2462 praestitit
896 2379 1064 2456 auxilium,
1082 2391 1118 2446 ut
1135 2390 1248 2462 postea
1265 2381 1299 2444 in
1318 2379 1398 2444 Cae-

250 2480 387 2545 sariensi
404 2480 623 2545 Mauritaniae
641 2480 771 2546 civitate
787 2481 996 2558 constitutus²
1013 2481 1205 2545 venerabilis
1224 2481 1398 2545 memoriae

251 2582 464 2663 Augustinus,
488 2601 552 2662 quo
576 2602 651 2646 eum
672 2582 783 2650 venire
807 2602 883 2646 cum
903 2580 975 2647 aliis
998 2581 1067 2646 eius
1090 2581 1289 2662 coepiscopis
1313 2579 1398 2646 sedis

249 2683 445 2765 apostolicae
461 2683 587 2747 litterae
604 2683 839 2764 compulerunt,
857 2683 898 2747 ob
915 2681 1136 2748 terminandas
1153 2681 1302 2747 videlicet
1319 2681 1399 2746 alias

185 2793 226 2841 20
251 2784 416 2849 Ecclesiae
433 2783 657 2848 necessitates:
675 2784 737 2848 hac
755 2804 832 2865 ergo
851 2783 1021 2856 occasione
1040 2783 1198 2863 provenit,
1218 2792 1254 2846 ut
1273 2781 1399 2869 Emeri-

250 2886 334 2948 tum⁸
353 2884 500 2970 eiusdem
516 2885 578 2948 loci
597 2884 846 2949 Donatistarum
863 2881 1060 2965 episcopum,
1080 2902 1176 2964 quem
1195 2903 1274 2949 suae
1295 2892 1400 2947 sectae

250 2985 461 3067 praecipuum
477 2986 511 3050 in
528 2985 583 3049 illa
600 2985 771 3050 collatione
788 2985 971 3049 habuerunt
987 2983 1205 3061 defensorem,
1224 2981 1349 3049 videret
1368 2992 1400 3047 et

251 3106 327 3152 cum
349 3087 463 3164 eodem
486 3086 613 3168 publice
634 3088 667 3150 in
691 3086 826 3150 ecclesia
849 3085 969 3167 populo
992 3094 1118 3149 astante
1141 3083 1290 3149 diversae
1313 3102 1400 3147 com-

252 3187 415 3250 munionis
433 3209 475 3252 ex
491 3187 554 3251 hoc
572 3186 642 3268 ipso
661 3187 840 3267 disputaret
857 3197 890 3251 et
906 3196 1099 3268 provocaret
1115 3184 1214 3266 gestis
1234 3182 1400 3248 ecclesias-

187 3287 225 3356 25
251 3286 341 3351 ticis:
356 3298 392 3351 ut
404 3287 492 3368 quod
506 3288 603 3365 forte,
618 3287 701 3352 sicut
716 3287 872 3362 dicebant,
887 3285 1039 3368 prosequi
1053 3286 1159 3367 potuit
1173 3286 1206 3350 in
1219 3283 1400 3360 collatione,

252 3400 285 3453 et
300 3389 476 3469 permissus
493 3409 558 3452 non
575 3398 654 3468 erat,
671 3389 705 3452 in
722 3388 884 3470 praesenti
901 3387 970 3452 sine
988 3386 1122 3451 alicuius
1140 3383 1309 3467 potestatis
1326 3404 1400 3467 pro·

252 3488 407 3555 bibitione
428 3499 484 3553 aut
506 3489 705 3571 impotentia,
727 3509 861 3553 securus
884 3487 992 3552 dicere
1011 3487 1145 3552 minime
1168 3486 1346 3551 dubitaret:
1369 3494 1401 3549 et

252 3592 286 3655 in
310 3611 368 3656 sua
392 3589 522 3656 civitate
547 3591 614 3655 suis
639 3589 787 3655 omnibus
812 3588 1034 3672 praesentibus
1059 3589 1182 3653 civibus
1207 3585 1410 3652 fiducialiter.

289 3775 300 3814 1
319 3756 424 3814 nostris
443 3775 497 3813 om.
513 3756 566 3822 BQ
634 3772 689 3822 quo
706 3753 844 3821 episcopis
860 3755 895 3820 E,
912 3753 1049 3820 episcopis
1062 3753 1170 3810 'CDFG
1188 3753 1243 3810 edd
1310 3760 1327 3818 7
1343 3745 1402 3832 col-

253 3829 322 3884 latio
338 3829 363 3884 G
380 3828 450 3893 edd,
466 3825 688 3882 consolationem
702 3827 736 3891 F,
752 3825 949 3881 consolatioB
1019 3839 1049 3890 13
1066 3841 1129 3879 cum
1147 3823 1210 3880 edd.
1245 3821 1402 3888 Qexhtbet

253 3897 322 3955 dum
388 3897 621 3953 convincerentur
636 3895 732 3953 BCD*
799 3910 831 3962 14
845 3893 920 3960 quod
935 3893 974 3949 ad
987 3893 1169 3950 collationem
1185 3892 1314 3966 CDEEG
1331 3890 1402 3955 edd,

253 3987 327 4036 quae
343 3967 381 4024 ad
399 3969 579 4024 collationem
598 3967 622 4022 Β
693 3974 721 4021 et
741 3963 883 4032 sebi-esse
903 3963 987 4028 CDF,
1007 3971 1035 4018 et
1053 3979 1116 4018 esse
1134 3963 1168 4026 Ε,
1189 3969 1217 4017 et
1237 3961 1270 4026 G,
1290 3977 1320 4016 se
1340 3977 1401 4014 esse

253 4039 309 4096 edd
376 4051 406 4105 15
422 4054 574 4102 congressu
588 4039 614 4092 Α
684 4051 715 4102 19
730 4033 924 4101 compulerant
939 4033 1001 4089 edd.
1035 4032 1191 4098 Qexhibet
1207 4029 1402 4096 compulerunt

255 4111 289 4165 26
305 4109 355 4164 sed
372 4109 433 4164 edd.
468 4108 625 4176 Qexbibet
641 4113 669 4162 et
735 4117 769 4169 27
785 4103 910 4170 potentia
927 4103 1083 4160 BCDEFG
1100 4101 1155 4158 edd
