3268 4668
243 442 278 498 52
566 428 711 488 SANCTI
731 429 954 487 AUGUSTINI
973 431 1072 487 VITA

246 586 389 651 rentibus
409 586 673 666 quamplurimis
693 585 847 652 studiosis
866 587 1034 668 turbisque
1054 587 1202 667 curiosis,
1221 599 1254 654 et
1272 589 1394 671 apertis

244 687 378 751 notarii⁴
392 687 519 763 tabulis,
535 687 711 768 disputatio
726 698 775 752 est
789 698 903 768 coepta
918 698 950 752 et
965 689 1080 770 primo,
1097 701 1130 755 et
1144 689 1286 756 secundo
1301 689 1394 756 finita

245 798 295 852 est
317 786 378 852 die.
425 787 464 850 In
486 807 550 868 qua
571 787 626 852 ille
650 787 863 853 Manichaeus
886 799 1085 871 praeceptor,
1110 799 1147 854 ut
1169 811 1204 856 se
1227 800 1394 872 gestorum

245 888 389 952 continet
403 886 509 965 fides,l
525 908 585 953 nec
602 888 803 954 Catholicant
818 889 1032 954 assertionem
1048 889 1153 972 potuit
1169 909 1317 967 vacuare,
1335 912 1395 958 nec

183 1009 199 1078 ς
246 988 517 1054 Manichaeorum
540 999 661 1054 sectam
685 989 857 1054 subnixam
880 991 1017 1056 veritate
1040 990 1143 1057 valuit
1166 991 1393 1073 comprobare:

246 1089 303 1154 sed
337 1089 546 1170 responsione
581 1088 733 1154 deficiens
767 1089 890 1167 ultima,
923 1090 1119 1156 collaturum
1150 1111 1186 1156 se
1217 1110 1292 1156 cum
1326 1092 1394 1158 suis

244 1189 421 1254 maioribus
443 1210 490 1266 ea,
510 1211 596 1272 quae
617 1190 767 1255 refellere
787 1210 853 1254 non
873 1191 989 1273 potuit,
1011 1201 1201 1273 prosecutus
1224 1202 1291 1269 est;
1312 1204 1345 1257 et
1367 1191 1393 1255 si

246 1290 306 1354 sibi
326 1289 413 1355 forte
430 1289 471 1356 de
487 1289 538 1354 his
556 1291 635 1355 satis
653 1290 784 1354 minime
804 1291 968 1368 iecissent,
988 1311 1066 1357 suae
1084 1293 1210 1356 animae
1229 1292 1394 1357 consultu-

247 1410 336 1454 rum:
354 1402 452 1470 atque
468 1391 514 1455 ita·
528 1391 569 1455 ab
587 1390 745 1468 omnibus,
763 1390 852 1477 apud
867 1412 949 1472 quos
965 1412 1104 1473 magnus
1122 1403 1155 1458 et
1174 1393 1287 1458 doctus
1305 1393 1394 1458 vide-

185 1491 350 1567 1obatur,
376 1491 456 1555 nihil
482 1491 623 1556 valuisse
648 1490 681 1554 in
707 1511 784 1556 suae
811 1502 918 1557 sectae
943 1492 1122 1559 assertione
1148 1494 1308 1559 iudicatus
1335 1504 1393 1558 est.

246 1590 323 1672 Qua
336 1591 389 1655 ille
402 1591 597 1657 confusione
612 1590 760 1669 affectus,
776 1602 808 1657 et
823 1594 970 1673 sequenti
985 1603 1131 1675 tempore
1147 1593 1188 1659 de
1204 1594 1394 1675 Hipponen-

247 1691 274 1756 si
293 1691 423 1758 civitate
439 1691 618 1774 proiectus,
636 1692 679 1759 ad
695 1713 768 1758 eam
784 1693 922 1773 amplius
939 1714 1006 1758 non
1025 1695 1197 1759 remeavit:
1217 1715 1255 1758 ac
1274 1694 1320 1760 sic
1337 1714 1395 1776 per

245 1803 463 1857 memoratum
482 1795 544 1857 Dei
566 1793 730 1858 hominem
750 1795 895 1858 omnium
917 1794 1078 1872 cordibus,
1099 1796 1150 1858 vel
1172 1796 1227 1876 qui
1249 1796 1394 1872 aderant,

246 1893 298 1957 vel
322 1892 377 1973 qui
401 1894 549 1958 absentes
574 1894 628 1959 illa
652 1914 734 1975 quae
757 1906 850 1976 gesta
871 1907 948 1960 sunt
970 1905 1200 1976 cognoverant,
1225 1915 1318 1959 error
1341 1895 1395 1960 ille

184 2009 221 2077 15
247 1993 382 2071 ablatus,
403 1993 570 2062 Catholica
589 2004 638 2070 est
657 1994 804 2070 intimata
823 2016 862 2060 ac
881 2005 1006 2060 retenta
1025 1995 1150 2061 sincera
1171 1995 1293 2078 religio.

700 2195 854 2262 CAPUT
868 2196 937 2260 VII

246 2342 336 2408 Libri
356 2355 389 2410 et
408 2355 565 2410 tractatus
585 2345 761 2426 Augustini
782 2358 896 2411 contra
914 2345 990 2411 fidei
1010 2347 1119 2413 hostes
1139 2349 1178 2414 ab
1199 2347 1277 2430 ipsis
1298 2347 1396 2412 etiam

525 2446 695 2512 haereticis
712 2447 835 2530 ingenti
853 2446 971 2513 ardore
987 2450 1114 2530 excepti

273 2580 335 2656 ¹Et
355 2579 489 2644 docebat
508 2601 546 2644 ac
566 2579 773 2662 praedicabat
793 2581 846 2645 ille
865 2580 1019 2663 privatim
1038 2594 1071 2648 et
1089 2583 1224 2665 publice,
1246 2583 1280 2647 in
1300 2582 1398 2648 domo

184 2701 225 2750 20
248 2692 282 2746 et
299 2681 332 2744 in
351 2680 485 2745 ecclesia
503 2681 616 2746 salutis
635 2683 769 2746 verbum
789 2703 863 2747 cum
883 2683 971 2746 omni
989 2682 1109 2748 fiducia
1127 2684 1284 2748 adversus
1303 2684 1398 2749 Afri-

249 2801 346 2845 canas
366 2783 527 2858 haereses,
549 2782 753 2865 maximeque
775 2794 888 2848 contra
909 2783 1109 2862 Donatistas,
1132 2783 1344 2850 Manichacus
1365 2794 1398 2848 et

248 2900 403 2964 paganos,
420 2881 509 2947 libris
525 2882 685 2948 coniectis
702 2893 734 2948 et
751 2883 927 2967 repentinis
946 2883 1172 2962 sennonibus,¹
1190 2883 1417 2973 ineffabiliter

249 2981 484 3048 admirantibus
509 2982 702 3048 Christianis
726 2994 758 3048 et
779 2984 1047 3075 collaudantibus,
1071 2995 1103 3050 et
1127 2985 1188 3050 hoc
1212 2985 1320 3066 ipsum
1343 2986 1397 3050 ubi

250 3093 400 3164 poterant
421 3103 486 3149 non
507 3083 698 3161 tacentibus,
721 3095 754 3150 et
776 3084 1030 3150 diffamantibus.
1074 3086 1193 3166 Atque,
1216 3086 1283 3151 Dei
1302 3086 1398 3162 dono,

283 3264 494 3322 anotariorum
511 3266 538 3321 Ε
557 3266 628 3331 edd,
646 3265 764 3323 notariis
782 3266 844 3320 HK
910 3263 966 3330 est]
988 3276 1018 3323 et
1035 3266 1087 3332 BJ,
1106 3284 1160 3326 om
1179 3267 1311 3324 CDEFK
1329 3269 1401 3333 edd,

252 3335 441 3402 disputatione
454 3347 555 3404 coepta
568 3339 601 3394 H
663 3347 693 3394 et
707 3337 817 3404 primo]
830 3347 861 3395 et
875 3357 931 3396 ont
947 3339 1128 3396 CDEFHJK
1144 3339 1199 3397 edd
1263 3341 1356 3407 prima
1371 3349 1400 3398 et

251 3407 406 3463 secunda!
472 3423 534 3474 3se
549 3426 604 3466 om.
619 3408 674 3464 edd
739 3425 908 3492 4evacuare
921 3408 969 3466 JK
1037 3411 1223 3494 ssubnexam
1238 3413 1400 3478 veritatiB,

252 3479 373 3536 veritate
397 3479 547 3536 subnixam
571 3481 693 3538 CDEFJ
716 3481 787 3546 edd,
809 3479 941 3538 veritate
954 3481 1075 3538 subnixa
1097 3484 1137 3548 H,
1160 3481 1309 3540 veritatem
1334 3483 1399 3539 sub·

251 3548 349 3604 nixam
363 3550 392 3602 K
456 3549 585 3606 6ultime
598 3551 638 3616 H,
654 3549 781 3606 ultimam
795 3551 829 3616 F,
844 3550 944 3632 ultimo
958 3552 1028 3608 Ben.
1042 3553 1088 3608 Mi
1154 3567 1186 3607 12
1200 3571 1233 3610 ac
1249 3553 1334 3608 sic..
1340 3565 1399 3622 .54
1481 3598 1484 3604 .

253 3633 281 3672 11
304 3618 487 3676 manifestata
508 3628 551 3676 est
572 3619 665 3676 om.J
731 3636 766 3676 ao
787 3621 863 3676 omni
886 3639 939 3677 om.
961 3620 987 3674 Α
1057 3637 1090 3688 23
1111 3622 1323 3679 collaetantibus
1346 3622 1401 3679 edd

251 3705 286 3756 24
306 3687 346 3753 et]
373 3691 422 3746 sed
445 3691 543 3746 CD*K
566 3692 620 3746 edd
688 3692 782 3758 sicque
802 3692 954 3748 adiuvante
977 3693 1092 3749 domino
1115 3694 1186 3759 edd,
1209 3695 1302 3760 sicque
1322 3694 1400 3750 dono

254 3763 301 3820 dei
323 3779 381 3830 pax
404 3763 434 3818 in
458 3761 552 3820 africa
580 3763 726 3832 (africana
749 3773 896 3831 perperam
920 3764 996 3831 Sol.)
1024 3764 1143 3822 ecclesia
1166 3773 1232 3824 orta
1256 3775 1299 3822 est
1323 3764 1399 3835 apud

252 3849 336 3901 quarn
354 3833 443 3891 multo
462 3843 589 3899 ternpore
608 3833 639 3890 C
673 3833 699 3900 Q
720 3834 832 3890 exhibet
851 3843 933 3902 atque
952 3833 998 3890 dei
1017 3836 1099 3891 dono
