3264 4658
234 421 281 486 138
553 417 682 475 SANtJr
685 418 699 473 1
718 415 941 474 AUGUSTINI
961 415 1060 471 VITA

277 597 324 662 13.
349 578 433 645 Sunt
448 599 525 645 sane
541 577 597 660 qui
612 579 811 645 arbitrantur
826 577 995 660 episcopos
1012 589 1043 655 et
1059 577 1193 643 clericos
1208 599 1275 643 non
1294 578 1380 662 fugi-

232 690 323 745 entes
345 679 379 743 in
401 678 519 745 talibus
541 678 703 762 periculis,
726 677 784 745 sed
803 689 980 758 manentes,
1005 678 1114 744 tacere
1136 690 1172 744 ut
1193 679 1302 761 plebes
1325 679 1380 745 de-

231 780 402 863 cipiantur,
420 801 495 845 cum
510 781 584 846 ideo
598 801 664 846 non
683 781 825 863 fugiunt,
842 780 919 862 quia
934 801 1066 846 manere
1084 801 1161 847 suos
1177 781 1380 864 praepositos

232 893 377 947 cernunt.
417 881 484 948 Sed
501 881 598 948 facile
615 892 664 946 est
680 883 765 946 hanc
782 883 1066 964 reprehensionem
1083 883 1134 948 vel
1151 882 1308 949 invidiam
1325 885 1380 949 de-

188 990 204 1058 5
232 982 345 1061 vitare,
372 983 567 1064 alloquendo
591 983 722 1048 easdem
746 982 863 1065 plebes,
890 994 987 1065 atque
1013 981 1167 1048 dicendo:
1205 984 1294 1048 ‘Non
1321 1006 1380 1050 vos

233 1084 382 1165 decipiat,
404 1084 492 1165 quod
513 1083 554 1149 de
575 1083 646 1150 loco
667 1083 730 1150 isto
752 1104 817 1148 non
841 1083 996 1166 fugimus.
1040 1085 1117 1151 Non
1139 1085 1226 1148 enim
1247 1095 1381 1167 propter

232 1205 302 1262 nos,
320 1184 379 1251 sed
395 1196 528 1267 propter
546 1206 604 1250 vos
623 1185 730 1266 potius
749 1185 803 1250 hic
818 1205 997 1262 manemus,
1017 1207 1058 1251 ne
1076 1186 1167 1252 vobis
1186 1207 1251 1251 non
1269 1186 1380 1250 minis-

232 1297 355 1351 tremus
374 1284 532 1367 quidquid
549 1285 645 1351 saluti
664 1294 801 1364 vestrae,
820 1306 903 1367 quae
922 1287 954 1350 in
975 1286 1106 1363 Christo
1124 1288 1212 1365 est,⁸⁰
1230 1288 1380 1352 novimus

232 1387 459 1452 necessarium.
500 1386 536 1452 Si
553 1407 631 1468 ergo
651 1388 765 1469 lugere
783 1387 961 1465 volueritis,
979 1397 1011 1453 et
1029 1409 1088 1454 nos
1107 1389 1147 1454 ab
1166 1387 1246 1464 istis,
1265 1387 1382 1470 quibus

170 1493 209 1541 10
232 1498 390 1566 tenemur,
413 1487 551 1552 vinculis
574 1487 736 1552 solvistis?
781 1487 880 1569 Quod
903 1499 980 1553 tunc
1002 1500 1081 1570 puto
1104 1509 1175 1555 esse
1197 1489 1381 1568 dicendum,

233 1588 363 1671 quando
383 1609 460 1654 vere
479 1589 609 1654 videtur
628 1589 707 1654 utile
727 1610 798 1655 esse
818 1589 860 1654 ad
879 1590 950 1654 loca
969 1590 1092 1655 tutiora
1111 1589 1261 1672 migrare.
1305 1590 1383 1673 Quo

234 1690 346 1756 audito
370 1689 397 1759 si
421 1691 472 1755 vel
497 1711 608 1754 omnes
633 1691 685 1754 vel
708 1689 807 1773 aliqui
832 1690 991 1756 dixerint:
1037 1690 1088 1755 ‘In
1112 1690 1198 1756 illius
1222 1701 1382 1774 potestate

234 1811 357 1868 sumus,
384 1792 475 1856 cuius
501 1791 585 1857 iram
610 1792 718 1857 nullus
744 1811 936 1873 quocunque
961 1789 1061 1869 vadit,
1088 1793 1206 1869 evadit,
1233 1804 1265 1858 et
1290 1792 1382 1857 cuius

232 1892 499 1970 misericordiam,
529 1890 710 1973 ubicunque
740 1893 791 1968 sit,
819 1902 925 1975 potest
953 1891 1107 1969 invenire,
1137 1891 1193 1974 qui
1222 1912 1384 1973 nusquam

170 1988 207 2057 15
234 1993 304 2058 vult
323 1993 379 2070 ire,
399 1995 468 2058 sive
487 1994 582 2058 certis
601 1993 845 2058 necessitatibus
865 1992 1048 2076 impeditus,
1070 1993 1139 2058 sive
1159 1994 1305 2058 laborare
1325 2013 1383 2058 no-

234 2096 304 2159 lens
326 2093 368 2160 ad
388 2095 511 2160 incerta
532 2093 685 2175 suffugia,
708 2105 740 2160 et
760 2115 826 2159 non
848 2093 891 2159 ad
911 2093 1063 2173 finienda,
1086 2096 1144 2159 sed
1164 2096 1206 2160 ad
1226 2094 1383 2158 mutanda

234 2195 398 2278 pericula,'
412 2194 524 2278 procul
540 2195 637 2262 dubio
653 2197 707 2260 isti
720 2195 891 2261 deserendi
905 2216 971 2260 non
986 2204 1062 2260 sunt
1075 2194 1256 2260 ministerio
1273 2193 1384 2260 Chris-

235 2297 334 2361 tiano.
377 2296 412 2361 Si
432 2306 542 2361 autem
562 2296 624 2361 hoc
643 2295 755 2361 audito
776 2295 864 2361 abire
883 2295 1066 2373 maluerint,
1087 2317 1147 2360 nec
1168 2295 1230 2360 illis
1252 2315 1384 2359 manen·

236 2397 315 2462 dum
330 2399 385 2478 qui
401 2407 534 2480 propter
549 2397 622 2462 illos
638 2398 810 2461 manebant
819 2419 828 2474 ;
843 2397 919 2478 quia
936 2398 979 2461 ibi
996 2397 1062 2461 iam
1077 2417 1143 2460 non
1160 2407 1236 2460 sunt
1251 2406 1385 2478 propter

169 2503 211 2552 20
235 2518 316 2580 quos
335 2518 467 2563 manere
486 2498 593 2562 adhuc
611 2498 757 2562 debeant.

281 2618 328 2678 14.
352 2599 546 2681 Quicunque
567 2598 666 2681 igitur
685 2599 750 2665 isto
768 2597 867 2665 modo
890 2598 984 2679 fugit,
1006 2608 1043 2663 ut
1064 2597 1218 2662 ecclesiae
1238 2617 1385 2662 necessa·

236 2701 323 2766 rium
339 2701 556 2766 ministerium
574 2700 629 2766 illo
651 2700 797 2782 fugiente
816 2721 882 2764 non
902 2699 995 2776 desit,
1017 2699 1098 2763 iacit
1117 2700 1205 2780 quod
1224 2698 1385 2762 Dominus

236 2801 400 2884 praecepit
418 2801 486 2866 sive
503 2801 659 2883 permisit.
702 2800 768 2883 Qui
788 2810 897 2865 autem
916 2798 962 2864 sic
982 2799 1078 2882 fugit,
1098 2810 1135 2863 ut
1152 2798 1242 2880 gregi
1263 2797 1385 2864 Christi

236 2924 285 2980 ea,
301 2903 417 2985 quibus
432 2903 621 2984 spiritaliter
635 2901 726 2979 vivit,
742 2902 894 2967 alimenta
910 2901 1151 2978 subtrahantur,
1166 2898 1386 2964 mercenarius

170 3005 209 3072 25
237 3013 286 3069 est
306 3005 359 3068 ille
378 3004 433 3084 qui
453 3001 542 3068 videt
561 3003 675 3083 lupum
693 3002 886 3080 venientem,
907 3011 939 3068 et
960 3001 1056 3083 fugit,
1077 2999 1232 3083 quoniam
1250 3019 1317 3064 non
1337 3008 1386 3064 est

238 3107 268 3171 ei
286 3126 364 3172 cura
382 3105 423 3171 de
442 3106 596 3171 ovibus.⁸²

279 3207 373 3272 Haec
392 3208 459 3284 tibi,
480 3207 556 3288 quia
576 3228 627 3272 me
645 3204 846 3283 consuluisti,
869 3205 973 3270 irater
994 3201 1211 3281 dilectissime,
1233 3203 1308 3286 quia
1329 3223 1385 3266 ex-

236 3309 378 3374 istimavi
402 3311 540 3374 veritate
563 3322 595 3376 et
620 3320 708 3374 certa
732 3308 867 3373 caritate
891 3307 1060 3389 rescripsi3
1085 3308 1143 3374 sed
1168 3306 1334 3372 meliorem
1358 3303 1385 3368 si

271 3495 289 3546 4
305 3478 518 3546 responsionem
535 3478 590 3535 edd
655 3475 798 3558 declinare
814 3476 839 3532 E
857 3476 913 3558 edd
981 3491 1013 3530 ro
1029 3473 1139 3530 solvitis
1155 3474 1283 3595 DEFG,d
1287 3471 1387 3528 solutis

237 3549 484 3686 ffcoaldoetelln'
496 3549 567 3672 “¹22
585 3544 935 3680 miiilllreib''ir¹,mdtil¹tcu⁸
949 3545 1081 3699 ‘'nisine
1100 3545 1150 3670 eleg
1160 3551 1389 3698 ἓξῃὸἓὲἓῇῗὲ

238 3705 272 3758 ²⁷
283 3691 419 3773 ‘mm
431 3691 464 3756 θ’
477 3706 532 3772 ‘¹³¹²
543 3689 707 3795 ΒΨ
719 3705 791 3756 ‘¹¹¹²‘
802 3688 868 3812 Fas
884 3684 1339 3822 tttlt¹¹tttnts¹¹lt⁰ttt
1351 3701 1389 3808 li

239 3760 830 3900 ffiqqngqsmsesrirtqqquqqqiscglemqqqsageqqrg
854 3800 1012 3896 (indeneris
1031 3799 1110 3895 e'dt)
1261 3797 1268 3821 ⁹
