<?xml version="1.0" encoding="UTF-8"?>
<!DOCTYPE html PUBLIC "-//W3C//DTD XHTML 1.0 Transitional//EN"
    "http://www.w3.org/TR/xhtml1/DTD/xhtml1-transitional.dtd">
<html xmlns="http://www.w3.org/1999/xhtml" xml:lang="en" lang="en">
 <head>
  <title>
</title>
<meta http-equiv="Content-Type" content="text/html;charset=utf-8" />
  <meta name='ocr-system' content='tesseract 3.04.00' />
  <meta name='ocr-capabilities' content='ocr_page ocr_carea ocr_par ocr_line ocrx_word'/>
</head>
<body>
  <div class='ocr_page' id='page_1' title='image "./sanctiaugustini00weisgoog_0065.png"; bbox 0 0 3268 4668; ppageno 0'>
   <div class='ocr_carea' id='block_1_1' title="bbox 544 433 1049 492">
    <p class='ocr_par' dir='ltr' id='par_1_1' title="bbox 544 433 1049 492">
     <span class='ocr_line' id='line_1_1' title="bbox 544 433 1049 492; baseline 0 -2"><span class='ocrx_word' id='word_1_1' title='bbox 544 433 689 491; x_wconf 88' lang='lat' dir='ltr'>SANCTI</span> <span class='ocrx_word' id='word_1_2' title='bbox 708 433 932 492; x_wconf 87' lang='lat' dir='ltr'><strong>AUGUSTINI</strong></span> <span class='ocrx_word' id='word_1_3' title='bbox 951 433 1049 491; x_wconf 88' lang='lat' dir='ltr'>VITA</span> 
     </span>
    </p>
   </div>
   <div class='ocr_carea' id='block_1_2' title="bbox 588 554 1001 823">
    <p class='ocr_par' dir='ltr' id='par_1_2' title="bbox 588 554 1001 823">
     <span class='ocr_line' id='line_1_2' title="bbox 681 554 906 658; baseline -0.018 -1"><span class='ocrx_word' id='word_1_4' title='bbox 681 591 836 658; x_wconf 83' lang='lat' dir='ltr'><strong>CAPUT</strong></span> <span class='ocrx_word' id='word_1_5' title='bbox 853 554 906 654; x_wconf 69' lang='lat' dir='ltr'>&#39;rx</span> 
     </span>
     <span class='ocr_line' id='line_1_3' title="bbox 588 741 1001 823; baseline 0.005 -19"><span class='ocrx_word' id='word_1_6' title='bbox 588 741 717 823; x_wconf 84' lang='lat' dir='ltr'>Pugnat</span> <span class='ocrx_word' id='word_1_7' title='bbox 729 762 805 806; x_wconf 89' lang='lat' dir='ltr'>cum</span> <span class='ocrx_word' id='word_1_8' title='bbox 820 741 1001 807; x_wconf 83' lang='lat' dir='ltr'><strong>Donatistis</strong></span> 
     </span>
    </p>
   </div>
   <div class='ocr_carea' id='block_1_3' title="bbox 265 857 1371 958">
    <p class='ocr_par' dir='ltr' id='par_1_3' title="bbox 265 857 1371 958">
     <span class='ocr_line' id='line_1_4' title="bbox 265 857 1371 958; baseline 0.004 -20"><span class='ocrx_word' id='word_1_9' title='bbox 265 876 309 940; x_wconf 91' lang='lat' dir='ltr'>Et</span> <span class='ocrx_word' id='word_1_10' title='bbox 327 857 497 958; x_wconf 90' lang='lat' dir='ltr'>episcopus</span> <span class='ocrx_word' id='word_1_11' title='bbox 514 875 618 940; x_wconf 89' lang='lat' dir='ltr'>multo</span> <span class='ocrx_word' id='word_1_12' title='bbox 637 874 810 940; x_wconf 89' lang='lat' dir='ltr'>instantius</span> <span class='ocrx_word' id='word_1_13' title='bbox 828 897 867 940; x_wconf 92' lang='lat' dir='ltr'>ac</span> <span class='ocrx_word' id='word_1_14' title='bbox 887 875 1068 941; x_wconf 80' lang='lat' dir='ltr'><strong>ferventius</strong></span> <span class='ocrx_word' id='word_1_15' title='bbox 1087 877 1210 941; x_wconf 91' lang='lat' dir='ltr'>maiore</span> <span class='ocrx_word' id='word_1_16' title='bbox 1231 878 1371 942; x_wconf 89' lang='lat' dir='ltr'>auctori-</span> 
     </span>
    </p>
   </div>
   <div class='ocr_carea' id='block_1_4' title="bbox 162 976 1382 3456">
    <p class='ocr_par' dir='ltr' id='par_1_4' title="bbox 224 976 1371 1060">
     <span class='ocr_line' id='line_1_5' title="bbox 224 976 1371 1060; baseline 0.002 -20"><span class='ocrx_word' id='word_1_17' title='bbox 224 987 299 1053; x_wconf 91' lang='lat' dir='ltr'>tate,</span> <span class='ocrx_word' id='word_1_18' title='bbox 317 997 382 1040; x_wconf 92' lang='lat' dir='ltr'>non</span> <span class='ocrx_word' id='word_1_19' title='bbox 400 976 507 1040; x_wconf 90' lang='lat' dir='ltr'>adhuc</span> <span class='ocrx_word' id='word_1_20' title='bbox 523 977 556 1041; x_wconf 93' lang='lat' dir='ltr'>in</span> <span class='ocrx_word' id='word_1_21' title='bbox 575 995 640 1042; x_wconf 90' lang='lat' dir='ltr'>una</span> <span class='ocrx_word' id='word_1_22' title='bbox 657 986 785 1040; x_wconf 89' lang='lat' dir='ltr'>tantum</span> <span class='ocrx_word' id='word_1_23' title='bbox 802 976 943 1058; x_wconf 85' lang='lat' dir='ltr'>regione,</span> <span class='ocrx_word' id='word_1_24' title='bbox 963 978 1021 1042; x_wconf 91' lang='lat' dir='ltr'>sed</span> <span class='ocrx_word' id='word_1_25' title='bbox 1038 977 1219 1060; x_wconf 89' lang='lat' dir='ltr'>ubicunque</span> <span class='ocrx_word' id='word_1_26' title='bbox 1239 989 1371 1058; x_wconf 86' lang='lat' dir='ltr'>rogatus</span> 
     </span>
    </p>

    <p class='ocr_par' dir='ltr' id='par_1_5' title="bbox 181 1076 1373 1460">
     <span class='ocr_line' id='line_1_6' title="bbox 181 1076 1371 1164; baseline 0.002 -24"><span class='ocrx_word' id='word_1_27' title='bbox 181 1096 197 1164; x_wconf 79' lang='grc' dir='ltr'><strong>ς</strong></span> <span class='ocrx_word' id='word_1_28' title='bbox 224 1078 374 1154; x_wconf 90' lang='lat' dir='ltr'>venisset,</span> <span class='ocrx_word' id='word_1_29' title='bbox 397 1078 533 1142; x_wconf 89' lang='lat' dir='ltr'>verbum</span> <span class='ocrx_word' id='word_1_30' title='bbox 554 1076 668 1153; x_wconf 88' lang='lat' dir='ltr'>salutis</span> <span class='ocrx_word' id='word_1_31' title='bbox 690 1088 840 1142; x_wconf 83' lang='lat' dir='ltr'>aeternae</span> <span class='ocrx_word' id='word_1_32' title='bbox 863 1077 1014 1143; x_wconf 84' lang='lat' dir='ltr'>alacriter</span> <span class='ocrx_word' id='word_1_33' title='bbox 1034 1099 1074 1143; x_wconf 87' lang='lat' dir='ltr'>ac</span> <span class='ocrx_word' id='word_1_34' title='bbox 1096 1079 1244 1160; x_wconf 85' lang='lat' dir='ltr'>gnaviter</span> <span class='ocrx_word' id='word_1_35' title='bbox 1266 1077 1371 1158; x_wconf 90' lang='lat' dir='ltr'>pullu-</span> 
     </span>
     <span class='ocr_line' id='line_1_7' title="bbox 224 1177 1372 1261; baseline 0.001 -19"><span class='ocrx_word' id='word_1_36' title='bbox 224 1177 311 1243; x_wconf 89' lang='lat' dir='ltr'>lante</span> <span class='ocrx_word' id='word_1_37' title='bbox 339 1189 436 1258; x_wconf 89' lang='lat' dir='ltr'>atque</span> <span class='ocrx_word' id='word_1_38' title='bbox 465 1190 629 1243; x_wconf 89' lang='lat' dir='ltr'>crescente</span> <span class='ocrx_word' id='word_1_39' title='bbox 657 1177 789 1242; x_wconf 89' lang='lat' dir='ltr'>Domini</span> <span class='ocrx_word' id='word_1_40' title='bbox 818 1177 965 1242; x_wconf 87' lang='lat' dir='ltr'>Ecclesia</span> <span class='ocrx_word' id='word_1_41' title='bbox 992 1177 1209 1260; x_wconf 87' lang='lat' dir='ltr'>praedicabat,</span> <span class='ocrx_word' id='word_1_42' title='bbox 1237 1189 1372 1261; x_wconf 89' lang='lat' dir='ltr'>paratus</span> 
     </span>
     <span class='ocr_line' id='line_1_8' title="bbox 225 1277 1373 1360; baseline 0 -18"><span class='ocrx_word' id='word_1_43' title='bbox 225 1298 352 1359; x_wconf 90' lang='lat' dir='ltr'>semper</span> <span class='ocrx_word' id='word_1_44' title='bbox 372 1279 587 1360; x_wconf 88' lang='lat' dir='ltr'>poscentibus,</span> <span class='ocrx_word' id='word_1_45' title='bbox 609 1277 746 1343; x_wconf 86' lang='lat' dir='ltr'>reddere</span> <span class='ocrx_word' id='word_1_46' title='bbox 767 1278 926 1342; x_wconf 88' lang='lat' dir='ltr'>rationem</span> <span class='ocrx_word' id='word_1_47' title='bbox 947 1279 987 1342; x_wconf 91' lang='lat' dir='ltr'>de</span> <span class='ocrx_word' id='word_1_48' title='bbox 1007 1278 1072 1343; x_wconf 87' lang='lat' dir='ltr'>fide</span> <span class='ocrx_word' id='word_1_49' title='bbox 1093 1290 1125 1344; x_wconf 92' lang='lat' dir='ltr'>et</span> <span class='ocrx_word' id='word_1_50' title='bbox 1147 1299 1212 1358; x_wconf 91' lang='lat' dir='ltr'>spe,</span> <span class='ocrx_word' id='word_1_51' title='bbox 1234 1297 1318 1360; x_wconf 89' lang='lat' dir='ltr'>quae</span> <span class='ocrx_word' id='word_1_52' title='bbox 1338 1279 1373 1342; x_wconf 93' lang='lat' dir='ltr'>in</span> 
     </span>
     <span class='ocr_line' id='line_1_9' title="bbox 225 1377 1373 1460; baseline 0.003 -20"><span class='ocrx_word' id='word_1_53' title='bbox 225 1379 333 1442; x_wconf 89' lang='lat' dir='ltr'>Deum</span> <span class='ocrx_word' id='word_1_54' title='bbox 351 1381 424 1443; x_wconf 87' lang='lat' dir='ltr'>est.1</span> <span class='ocrx_word' id='word_1_55' title='bbox 464 1379 508 1442; x_wconf 94' lang='lat' dir='ltr'>Et</span> <span class='ocrx_word' id='word_1_56' title='bbox 528 1379 597 1443; x_wconf 92' lang='lat' dir='ltr'>eius</span> <span class='ocrx_word' id='word_1_57' title='bbox 617 1377 705 1444; x_wconf 88' lang='lat' dir='ltr'>dicta&#39;</span> <span class='ocrx_word' id='word_1_58' title='bbox 724 1389 821 1460; x_wconf 90' lang='lat' dir='ltr'>atque</span> <span class='ocrx_word' id='word_1_59' title='bbox 839 1388 984 1460; x_wconf 84' lang='lat' dir='ltr'>excepta,</span> <span class='ocrx_word' id='word_1_60' title='bbox 1005 1379 1147 1444; x_wconf 86' lang='lat' dir='ltr'>maxime</span> <span class='ocrx_word' id='word_1_61' title='bbox 1167 1379 1373 1445; x_wconf 82' lang='lat' dir='ltr'>Donatistae²</span> 
     </span>
    </p>

    <p class='ocr_par' dir='ltr' id='par_1_6' title="bbox 162 1478 1374 1763">
     <span class='ocr_line' id='line_1_10' title="bbox 225 1478 1373 1562; baseline 0.003 -21"><span class='ocrx_word' id='word_1_62' title='bbox 225 1479 259 1542; x_wconf 91' lang='lat' dir='ltr'>in</span> <span class='ocrx_word' id='word_1_63' title='bbox 286 1478 399 1544; x_wconf 89' lang='lat' dir='ltr'>eadem</span> <span class='ocrx_word' id='word_1_64' title='bbox 425 1479 630 1562; x_wconf 91' lang='lat' dir='ltr'>Hipponensi</span> <span class='ocrx_word' id='word_1_65' title='bbox 656 1479 708 1543; x_wconf 91' lang='lat' dir='ltr'>vel</span> <span class='ocrx_word' id='word_1_66' title='bbox 733 1479 840 1544; x_wconf 90' lang='lat' dir='ltr'>vicina</span> <span class='ocrx_word' id='word_1_67' title='bbox 865 1490 1033 1544; x_wconf 89' lang='lat' dir='ltr'>manentes</span> <span class='ocrx_word' id='word_1_68' title='bbox 1060 1480 1199 1557; x_wconf 90' lang='lat' dir='ltr'>civitate,</span> <span class='ocrx_word' id='word_1_69' title='bbox 1227 1479 1270 1545; x_wconf 91' lang='lat' dir='ltr'>ad</span> <span class='ocrx_word' id='word_1_70' title='bbox 1296 1499 1373 1545; x_wconf 89' lang='lat' dir='ltr'>suos</span> 
     </span>
     <span class='ocr_line' id='line_1_11' title="bbox 162 1578 1374 1661; baseline 0.002 -16"><span class='ocrx_word' id='word_1_71' title='bbox 162 1603 200 1652; x_wconf 88' lang='lat' dir='ltr'>ro</span> <span class='ocrx_word' id='word_1_72' title='bbox 227 1579 418 1645; x_wconf 86' lang='lat' dir='ltr'>deferebant</span> <span class='ocrx_word' id='word_1_73' title='bbox 444 1580 623 1661; x_wconf 88' lang='lat' dir='ltr'>episcopos.</span> <span class='ocrx_word' id='word_1_74' title='bbox 672 1579 767 1661; x_wconf 81' lang='lat' dir='ltr'>Quae</span> <span class='ocrx_word' id='word_1_75' title='bbox 793 1600 868 1644; x_wconf 90' lang='lat' dir='ltr'>cum</span> <span class='ocrx_word' id='word_1_76' title='bbox 894 1578 1060 1644; x_wconf 83' lang='lat' dir='ltr'>audissent</span> <span class='ocrx_word' id='word_1_77' title='bbox 1086 1590 1119 1644; x_wconf 94' lang='lat' dir='ltr'>et</span> <span class='ocrx_word' id='word_1_78' title='bbox 1146 1593 1259 1647; x_wconf 88' lang='lat' dir='ltr'>contra</span> <span class='ocrx_word' id='word_1_79' title='bbox 1287 1579 1374 1647; x_wconf 84' lang='lat' dir='ltr'>iorte</span> 
     </span>
     <span class='ocr_line' id='line_1_12' title="bbox 226 1680 1374 1763; baseline 0 -19"><span class='ocrx_word' id='word_1_80' title='bbox 226 1681 348 1761; x_wconf 87' lang='lat' dir='ltr'>aliquid</span> <span class='ocrx_word' id='word_1_81' title='bbox 367 1680 520 1756; x_wconf 89' lang='lat' dir='ltr'>dicerent,</span> <span class='ocrx_word' id='word_1_82' title='bbox 541 1691 597 1745; x_wconf 90' lang='lat' dir='ltr'>aut</span> <span class='ocrx_word' id='word_1_83' title='bbox 617 1701 637 1744; x_wconf 91' lang='lat' dir='ltr'>a</span> <span class='ocrx_word' id='word_1_84' title='bbox 656 1681 723 1745; x_wconf 90' lang='lat' dir='ltr'>suis</span> <span class='ocrx_word' id='word_1_85' title='bbox 745 1680 987 1757; x_wconf 80' lang='lat' dir='ltr'>refellebantur,</span> <span class='ocrx_word' id='word_1_86' title='bbox 1008 1691 1066 1746; x_wconf 91' lang='lat' dir='ltr'>aut</span> <span class='ocrx_word' id='word_1_87' title='bbox 1085 1682 1199 1746; x_wconf 89' lang='lat' dir='ltr'>eadem</span> <span class='ocrx_word' id='word_1_88' title='bbox 1219 1701 1374 1763; x_wconf 89' lang='lat' dir='ltr'>responsa</span> 
     </span>
    </p>

    <p class='ocr_par' dir='ltr' id='par_1_7' title="bbox 226 1779 1376 2063">
     <span class='ocr_line' id='line_1_13' title="bbox 226 1779 1375 1863; baseline 0 -17"><span class='ocrx_word' id='word_1_89' title='bbox 226 1781 269 1846; x_wconf 93' lang='lat' dir='ltr'>ad</span> <span class='ocrx_word' id='word_1_90' title='bbox 293 1791 441 1844; x_wconf 87' lang='lat' dir='ltr'>sanctum</span> <span class='ocrx_word' id='word_1_91' title='bbox 465 1780 687 1862; x_wconf 86' lang='lat' dir='ltr'>Augustinum</span> <span class='ocrx_word' id='word_1_92' title='bbox 711 1779 952 1858; x_wconf 88' lang='lat' dir='ltr'>deferebantur,</span> <span class='ocrx_word' id='word_1_93' title='bbox 977 1801 1079 1862; x_wconf 90' lang='lat' dir='ltr'>eaque</span> <span class='ocrx_word' id='word_1_94' title='bbox 1104 1792 1268 1863; x_wconf 89' lang='lat' dir='ltr'>comperta</span> <span class='ocrx_word' id='word_1_95' title='bbox 1293 1782 1375 1863; x_wconf 90' lang='lat' dir='ltr'>pati·</span> 
     </span>
     <span class='ocr_line' id='line_1_14' title="bbox 227 1869 1374 1963; baseline 0.001 -18"><span class='ocrx_word' id='word_1_96' title='bbox 227 1892 319 1945; x_wconf 89' lang='lat' dir='ltr'>enter</span> <span class='ocrx_word' id='word_1_97' title='bbox 342 1892 374 1946; x_wconf 91' lang='lat' dir='ltr'>et</span> <span class='ocrx_word' id='word_1_98' title='bbox 398 1881 513 1945; x_wconf 91' lang='lat' dir='ltr'>leniter</span> <span class='ocrx_word' id='word_1_99' title='bbox 542 1882 591 1962; x_wconf 91' lang='lat' dir='ltr'>(et</span> <span class='ocrx_word' id='word_1_100' title='bbox 615 1869 652 1946; x_wconf 85' lang='lat' dir='ltr'>ut</span> <span class='ocrx_word' id='word_1_101' title='bbox 675 1882 833 1963; x_wconf 89' lang='lat' dir='ltr'>scriptum</span> <span class='ocrx_word' id='word_1_102' title='bbox 856 1893 914 1962; x_wconf 87' lang='lat' dir='ltr'>est,</span> <span class='ocrx_word' id='word_1_103' title='bbox 939 1901 1015 1946; x_wconf 86' lang='lat' dir='ltr'>eum</span> <span class='ocrx_word' id='word_1_104' title='bbox 1037 1881 1153 1947; x_wconf 89' lang='lat' dir='ltr'>timore</span> <span class='ocrx_word' id='word_1_105' title='bbox 1178 1894 1210 1947; x_wconf 90' lang='lat' dir='ltr'>et</span> <span class='ocrx_word' id='word_1_106' title='bbox 1233 1893 1374 1948; x_wconf 90' lang='lat' dir='ltr'>tremore</span> 
     </span>
     <span class='ocr_line' id='line_1_15' title="bbox 228 1973 1376 2063; baseline 0.003 -18"><span class='ocrx_word' id='word_1_107' title='bbox 228 1983 366 2046; x_wconf 89' lang='lat' dir='ltr'>salutem</span> <span class='ocrx_word' id='word_1_108' title='bbox 383 1981 552 2045; x_wconf 89' lang='lat' dir='ltr'>hominum</span> <span class='ocrx_word' id='word_1_109' title='bbox 570 1983 765 2063; x_wconf 87' lang='lat' dir='ltr'>operabatur</span> <span class='ocrx_word' id='word_1_110' title='bbox 775 1983 797 2045; x_wconf 80' lang='lat'>:³</span> <span class='ocrx_word' id='word_1_111' title='bbox 816 1973 990 2048; x_wconf 81' lang='lat' dir='ltr'>ostendens</span> <span class='ocrx_word' id='word_1_112' title='bbox 1009 2002 1108 2063; x_wconf 87' lang='lat' dir='ltr'>quam</span> <span class='ocrx_word' id='word_1_113' title='bbox 1125 1981 1206 2045; x_wconf 90' lang='lat' dir='ltr'>nihil</span> <span class='ocrx_word' id='word_1_114' title='bbox 1226 1982 1376 2049; x_wconf 73' lang='lat' dir='ltr'>resedere</span> 
     </span>
    </p>

    <p class='ocr_par' dir='ltr' id='par_1_8' title="bbox 163 2081 1378 2566">
     <span class='ocr_line' id='line_1_16' title="bbox 163 2081 1375 2164; baseline 0.002 -18"><span class='ocrx_word' id='word_1_115' title='bbox 163 2085 200 2154; x_wconf 79' lang='lat'>15</span> <span class='ocrx_word' id='word_1_116' title='bbox 228 2082 273 2146; x_wconf 92' lang='lat' dir='ltr'>illi</span> <span class='ocrx_word' id='word_1_117' title='bbox 291 2081 453 2147; x_wconf 89' lang='lat' dir='ltr'>voluerint</span> <span class='ocrx_word' id='word_1_118' title='bbox 469 2104 508 2147; x_wconf 93' lang='lat' dir='ltr'>ac</span> <span class='ocrx_word' id='word_1_119' title='bbox 526 2082 697 2160; x_wconf 86' lang='lat' dir='ltr'>valuerint,</span> <span class='ocrx_word' id='word_1_120' title='bbox 716 2103 878 2164; x_wconf 89' lang='lat' dir='ltr'>quamque</span> <span class='ocrx_word' id='word_1_121' title='bbox 894 2103 1011 2147; x_wconf 83' lang='lat' dir='ltr'>verum</span> <span class='ocrx_word' id='word_1_122' title='bbox 1027 2082 1305 2164; x_wconf 79' lang='lat' dir='ltr'>manifestumque</span> <span class='ocrx_word' id='word_1_123' title='bbox 1324 2085 1375 2158; x_wconf 87' lang='lat' dir='ltr'>sit,</span> 
     </span>
     <span class='ocr_line' id='line_1_17' title="bbox 229 2181 1377 2266; baseline 0.003 -22"><span class='ocrx_word' id='word_1_124' title='bbox 229 2183 316 2263; x_wconf 88' lang='lat' dir='ltr'>quod</span> <span class='ocrx_word' id='word_1_125' title='bbox 339 2182 503 2247; x_wconf 90' lang='lat' dir='ltr'>Ecclesiae</span> <span class='ocrx_word' id='word_1_126' title='bbox 526 2184 589 2246; x_wconf 89' lang='lat' dir='ltr'>Dei</span> <span class='ocrx_word' id='word_1_127' title='bbox 611 2182 693 2248; x_wconf 88' lang='lat' dir='ltr'>fides</span> <span class='ocrx_word' id='word_1_128' title='bbox 716 2193 803 2247; x_wconf 90' lang='lat' dir='ltr'>tenet</span> <span class='ocrx_word' id='word_1_129' title='bbox 825 2203 865 2248; x_wconf 91' lang='lat' dir='ltr'>ac</span> <span class='ocrx_word' id='word_1_130' title='bbox 887 2181 1018 2266; x_wconf 88' lang='lat' dir='ltr'>didicit)</span> <span class='ocrx_word' id='word_1_131' title='bbox 1046 2194 1078 2248; x_wconf 89' lang='lat' dir='ltr'>et</span> <span class='ocrx_word' id='word_1_132' title='bbox 1101 2183 1181 2249; x_wconf 89' lang='lat' dir='ltr'>haec</span> <span class='ocrx_word' id='word_1_133' title='bbox 1203 2182 1315 2249; x_wconf 91' lang='lat' dir='ltr'>diebus</span> <span class='ocrx_word' id='word_1_134' title='bbox 1339 2205 1377 2248; x_wconf 87' lang='lat' dir='ltr'>ac</span> 
     </span>
     <span class='ocr_line' id='line_1_18' title="bbox 228 2283 1376 2366; baseline 0.001 -20"><span class='ocrx_word' id='word_1_135' title='bbox 228 2284 375 2347; x_wconf 91' lang='lat' dir='ltr'>noctibus</span> <span class='ocrx_word' id='word_1_136' title='bbox 399 2285 438 2349; x_wconf 87' lang='lat' dir='ltr'>ab</span> <span class='ocrx_word' id='word_1_137' title='bbox 460 2283 575 2348; x_wconf 89' lang='lat' dir='ltr'>eodem</span> <span class='ocrx_word' id='word_1_138' title='bbox 597 2283 715 2366; x_wconf 90' lang='lat' dir='ltr'>iugiter</span> <span class='ocrx_word' id='word_1_139' title='bbox 738 2284 924 2365; x_wconf 85' lang='lat' dir='ltr'>agebantur.</span> <span class='ocrx_word' id='word_1_140' title='bbox 970 2284 1059 2348; x_wconf 90' lang='lat' dir='ltr'>Nam</span> <span class='ocrx_word' id='word_1_141' title='bbox 1081 2295 1113 2349; x_wconf 90' lang='lat' dir='ltr'>et</span> <span class='ocrx_word' id='word_1_142' title='bbox 1136 2283 1287 2366; x_wconf 86' lang='lat' dir='ltr'>epistolas</span> <span class='ocrx_word' id='word_1_143' title='bbox 1309 2285 1376 2364; x_wconf 93' lang='lat' dir='ltr'>pri-</span> 
     </span>
     <span class='ocr_line' id='line_1_19' title="bbox 229 2382 1378 2466; baseline -0.002 -18"><span class='ocrx_word' id='word_1_144' title='bbox 229 2393 322 2448; x_wconf 86' lang='lat' dir='ltr'>vatas</span> <span class='ocrx_word' id='word_1_145' title='bbox 346 2382 388 2448; x_wconf 87' lang='lat' dir='ltr'>ad</span> <span class='ocrx_word' id='word_1_146' title='bbox 410 2404 556 2464; x_wconf 91' lang='lat' dir='ltr'>quosque</span> <span class='ocrx_word' id='word_1_147' title='bbox 578 2384 724 2449; x_wconf 88' lang='lat' dir='ltr'>eiusdem</span> <span class='ocrx_word' id='word_1_148' title='bbox 745 2383 866 2448; x_wconf 86' lang='lat' dir='ltr'>erroris</span> <span class='ocrx_word' id='word_1_149' title='bbox 889 2383 1068 2466; x_wconf 89' lang='lat' dir='ltr'>episcopos,</span> <span class='ocrx_word' id='word_1_150' title='bbox 1092 2385 1270 2449; x_wconf 89' lang='lat' dir='ltr'>eminentes</span> <span class='ocrx_word' id='word_1_151' title='bbox 1294 2384 1378 2448; x_wconf 92' lang='lat' dir='ltr'>scili-</span> 
     </span>
     <span class='ocr_line' id='line_1_20' title="bbox 229 2483 1376 2566; baseline -0.001 -17"><span class='ocrx_word' id='word_1_152' title='bbox 229 2494 288 2561; x_wconf 90' lang='lat' dir='ltr'>cet,</span> <span class='ocrx_word' id='word_1_153' title='bbox 307 2494 339 2548; x_wconf 93' lang='lat' dir='ltr'>et</span> <span class='ocrx_word' id='word_1_154' title='bbox 355 2484 456 2549; x_wconf 86' lang='lat' dir='ltr'>laicos</span> <span class='ocrx_word' id='word_1_155' title='bbox 474 2484 573 2560; x_wconf 90' lang='lat' dir='ltr'>dedit,</span> <span class='ocrx_word' id='word_1_156' title='bbox 592 2485 716 2548; x_wconf 86' lang='lat' dir='ltr'>ratione</span> <span class='ocrx_word' id='word_1_157' title='bbox 734 2483 860 2549; x_wconf 91' lang='lat' dir='ltr'>reddita</span> <span class='ocrx_word' id='word_1_158' title='bbox 878 2485 1056 2550; x_wconf 86' lang='lat' dir='ltr'>admonens</span> <span class='ocrx_word' id='word_1_159' title='bbox 1075 2495 1171 2566; x_wconf 83' lang='lat' dir='ltr'>atque</span> <span class='ocrx_word' id='word_1_160' title='bbox 1189 2485 1376 2561; x_wconf 77' lang='lat' dir='ltr'>exhortam,</span> 
     </span>
    </p>

    <p class='ocr_par' dir='ltr' id='par_1_9' title="bbox 163 2584 1381 2867">
     <span class='ocr_line' id='line_1_21' title="bbox 163 2584 1379 2668; baseline -0.004 -15"><span class='ocrx_word' id='word_1_161' title='bbox 163 2603 205 2653; x_wconf 92' lang='lat'>20</span> <span class='ocrx_word' id='word_1_162' title='bbox 230 2596 266 2650; x_wconf 91' lang='lat' dir='ltr'>ut</span> <span class='ocrx_word' id='word_1_163' title='bbox 280 2585 330 2649; x_wconf 90' lang='lat' dir='ltr'>vel</span> <span class='ocrx_word' id='word_1_164' title='bbox 344 2585 384 2648; x_wconf 91' lang='lat' dir='ltr'>ab</span> <span class='ocrx_word' id='word_1_165' title='bbox 398 2585 452 2649; x_wconf 89' lang='lat' dir='ltr'>illa</span> <span class='ocrx_word' id='word_1_166' title='bbox 467 2607 501 2650; x_wconf 89' lang='lat' dir='ltr'>se</span> <span class='ocrx_word' id='word_1_167' title='bbox 515 2585 674 2668; x_wconf 89' lang='lat' dir='ltr'>pravitate</span> <span class='ocrx_word' id='word_1_168' title='bbox 689 2585 889 2667; x_wconf 88' lang='lat' dir='ltr'>corrigerent</span> <span class='ocrx_word' id='word_1_169' title='bbox 902 2585 953 2649; x_wconf 88' lang='lat' dir='ltr'>vel</span> <span class='ocrx_word' id='word_1_170' title='bbox 967 2595 1055 2649; x_wconf 91' lang='lat' dir='ltr'>certe</span> <span class='ocrx_word' id='word_1_171' title='bbox 1070 2586 1112 2649; x_wconf 89' lang='lat' dir='ltr'>ad</span> <span class='ocrx_word' id='word_1_172' title='bbox 1127 2584 1379 2667; x_wconf 89' lang='lat' dir='ltr'>disputationem</span> 
     </span>
     <span class='ocr_line' id='line_1_22' title="bbox 230 2684 1378 2770; baseline 0 -22"><span class='ocrx_word' id='word_1_173' title='bbox 230 2685 386 2752; x_wconf 91' lang='lat' dir='ltr'>venirent.</span> <span class='ocrx_word' id='word_1_174' title='bbox 406 2691 408 2695; x_wconf 81' lang='grc'>’</span> <span class='ocrx_word' id='word_1_175' title='bbox 427 2685 473 2749; x_wconf 92' lang='lat' dir='ltr'>At</span> <span class='ocrx_word' id='word_1_176' title='bbox 491 2686 537 2750; x_wconf 90' lang='lat' dir='ltr'>illi</span> <span class='ocrx_word' id='word_1_177' title='bbox 556 2704 655 2749; x_wconf 87' lang='lat' dir='ltr'>causa</span> <span class='ocrx_word' id='word_1_178' title='bbox 673 2684 869 2750; x_wconf 88' lang='lat' dir='ltr'>diffidentiae</span> <span class='ocrx_word' id='word_1_179' title='bbox 888 2707 931 2750; x_wconf 89' lang='lat' dir='ltr'>ne</span> <span class='ocrx_word' id='word_1_180' title='bbox 948 2685 1080 2770; x_wconf 88' lang='lat' dir='ltr'>quidem</span> <span class='ocrx_word' id='word_1_181' title='bbox 1099 2705 1243 2767; x_wconf 87' lang='lat' dir='ltr'>unquam</span> <span class='ocrx_word' id='word_1_182' title='bbox 1263 2685 1378 2750; x_wconf 89' lang='lat' dir='ltr'>rescri-</span> 
     </span>
     <span class='ocr_line' id='line_1_23' title="bbox 230 2782 1381 2867; baseline 0 -17"><span class='ocrx_word' id='word_1_183' title='bbox 230 2786 306 2850; x_wconf 87' lang='lat' dir='ltr'>bere</span> <span class='ocrx_word' id='word_1_184' title='bbox 319 2782 502 2863; x_wconf 81' lang='lat' dir='ltr'>voluerunt,</span> <span class='ocrx_word' id='word_1_185' title='bbox 518 2786 575 2850; x_wconf 92' lang='lat' dir='ltr'>sed</span> <span class='ocrx_word' id='word_1_186' title='bbox 590 2787 664 2850; x_wconf 92' lang='lat' dir='ltr'>irati</span> <span class='ocrx_word' id='word_1_187' title='bbox 681 2785 809 2850; x_wconf 87' lang='lat' dir='ltr'>furiosa</span> <span class='ocrx_word' id='word_1_188' title='bbox 823 2785 1045 2867; x_wconf 89' lang='lat' dir='ltr'>loquebantur,</span> <span class='ocrx_word' id='word_1_189' title='bbox 1061 2796 1159 2866; x_wconf 91' lang='lat' dir='ltr'>atque</span> <span class='ocrx_word' id='word_1_190' title='bbox 1175 2784 1381 2850; x_wconf 88' lang='lat' dir='ltr'>seductorem</span> 
     </span>
    </p>

    <p class='ocr_par' dir='ltr' id='par_1_10' title="bbox 231 2884 1379 3069">
     <span class='ocr_line' id='line_1_24' title="bbox 231 2884 1379 2969; baseline -0.002 -17"><span class='ocrx_word' id='word_1_191' title='bbox 231 2898 263 2952; x_wconf 92' lang='lat' dir='ltr'>et</span> <span class='ocrx_word' id='word_1_192' title='bbox 293 2888 498 2969; x_wconf 88' lang='lat' dir='ltr'>deceptorem</span> <span class='ocrx_word' id='word_1_193' title='bbox 527 2886 709 2951; x_wconf 89' lang='lat' dir='ltr'>animarum</span> <span class='ocrx_word' id='word_1_194' title='bbox 738 2886 961 2968; x_wconf 87' lang='lat' dir='ltr'>Augustinum</span> <span class='ocrx_word' id='word_1_195' title='bbox 990 2907 1070 2962; x_wconf 89' lang='lat' dir='ltr'>esse,</span> <span class='ocrx_word' id='word_1_196' title='bbox 1102 2898 1134 2951; x_wconf 90' lang='lat' dir='ltr'>et</span> <span class='ocrx_word' id='word_1_197' title='bbox 1164 2884 1317 2967; x_wconf 89' lang='lat' dir='ltr'>privatim</span> <span class='ocrx_word' id='word_1_198' title='bbox 1346 2896 1379 2950; x_wconf 90' lang='lat' dir='ltr'>et</span> 
     </span>
     <span class='ocr_line' id='line_1_25' title="bbox 232 2985 1379 3069; baseline -0.001 -20"><span class='ocrx_word' id='word_1_199' title='bbox 232 2987 357 3068; x_wconf 90' lang='lat' dir='ltr'>publice</span> <span class='ocrx_word' id='word_1_200' title='bbox 375 2987 635 3064; x_wconf 90' lang='lat' dir='ltr'>conclamabant;</span> <span class='ocrx_word' id='word_1_201' title='bbox 653 2998 686 3053; x_wconf 90' lang='lat' dir='ltr'>et</span> <span class='ocrx_word' id='word_1_202' title='bbox 704 2997 741 3051; x_wconf 91' lang='lat' dir='ltr'>ut</span> <span class='ocrx_word' id='word_1_203' title='bbox 758 2987 872 3069; x_wconf 87' lang='lat' dir='ltr'>lupum</span> <span class='ocrx_word' id='word_1_204' title='bbox 889 2986 1104 3051; x_wconf 89' lang='lat' dir='ltr'>occidendum</span> <span class='ocrx_word' id='word_1_205' title='bbox 1122 3006 1193 3051; x_wconf 93' lang='lat' dir='ltr'>esse</span> <span class='ocrx_word' id='word_1_206' title='bbox 1212 2987 1246 3050; x_wconf 92' lang='lat' dir='ltr'>in</span> <span class='ocrx_word' id='word_1_207' title='bbox 1265 2985 1379 3051; x_wconf 86' lang='lat' dir='ltr'>deien-</span> 
     </span>
    </p>

    <p class='ocr_par' dir='ltr' id='par_1_11' title="bbox 166 3086 1382 3456">
     <span class='ocr_line' id='line_1_26' title="bbox 166 3086 1381 3170; baseline -0.001 -19"><span class='ocrx_word' id='word_1_208' title='bbox 166 3101 204 3168; x_wconf 80' lang='lat'>25</span> <span class='ocrx_word' id='word_1_209' title='bbox 233 3087 356 3151; x_wconf 88' lang='lat' dir='ltr'>sionem</span> <span class='ocrx_word' id='word_1_210' title='bbox 374 3088 482 3170; x_wconf 89' lang='lat' dir='ltr'>gregis</span> <span class='ocrx_word' id='word_1_211' title='bbox 502 3088 562 3168; x_wconf 86' lang='lat' dir='ltr'>sui,</span> <span class='ocrx_word' id='word_1_212' title='bbox 583 3089 731 3153; x_wconf 91' lang='lat' dir='ltr'>dicebant</span> <span class='ocrx_word' id='word_1_213' title='bbox 750 3099 782 3164; x_wconf 91' lang='lat' dir='ltr'>et</span> <span class='ocrx_word' id='word_1_214' title='bbox 801 3089 998 3152; x_wconf 87' lang='lat' dir='ltr'>tractabant:</span> <span class='ocrx_word' id='word_1_215' title='bbox 1018 3086 1190 3167; x_wconf 86' lang='lat' dir='ltr'>omniaque</span> <span class='ocrx_word' id='word_1_216' title='bbox 1210 3097 1342 3169; x_wconf 90' lang='lat' dir='ltr'>peccata</span> <span class='ocrx_word' id='word_1_217' title='bbox 1361 3108 1381 3151; x_wconf 91' lang='lat' dir='ltr'>a</span> 
     </span>
     <span class='ocr_line' id='line_1_27' title="bbox 233 3186 1381 3270; baseline 0.002 -20"><span class='ocrx_word' id='word_1_218' title='bbox 233 3189 307 3252; x_wconf 90' lang='lat' dir='ltr'>Deo</span> <span class='ocrx_word' id='word_1_219' title='bbox 330 3186 550 3252; x_wconf 86' lang='lat' dir='ltr'>indubitanter</span> <span class='ocrx_word' id='word_1_220' title='bbox 573 3209 644 3253; x_wconf 90' lang='lat' dir='ltr'>esse</span> <span class='ocrx_word' id='word_1_221' title='bbox 669 3186 867 3252; x_wconf 88' lang='lat' dir='ltr'>credendum</span> <span class='ocrx_word' id='word_1_222' title='bbox 890 3207 985 3270; x_wconf 90' lang='lat' dir='ltr'>posse</span> <span class='ocrx_word' id='word_1_223' title='bbox 1010 3186 1129 3252; x_wconf 89' lang='lat' dir='ltr'>dimitti</span> <span class='ocrx_word' id='word_1_224' title='bbox 1152 3186 1213 3264; x_wconf 89' lang='lat' dir='ltr'>his,</span> <span class='ocrx_word' id='word_1_225' title='bbox 1239 3188 1294 3270; x_wconf 88' lang='lat' dir='ltr'>qui</span> <span class='ocrx_word' id='word_1_226' title='bbox 1317 3188 1381 3252; x_wconf 92' lang='lat' dir='ltr'>hoc</span> 
     </span>
     <span class='ocr_line' id='line_1_28' title="bbox 235 3287 1382 3371; baseline 0 -21"><span class='ocrx_word' id='word_1_227' title='bbox 235 3287 345 3354; x_wconf 79' lang='lat' dir='ltr'>iacere</span> <span class='ocrx_word' id='word_1_228' title='bbox 360 3308 398 3353; x_wconf 92' lang='lat' dir='ltr'>ac</span> <span class='ocrx_word' id='word_1_229' title='bbox 412 3289 568 3369; x_wconf 89' lang='lat' dir='ltr'>perficere</span> <span class='ocrx_word' id='word_1_230' title='bbox 583 3289 773 3371; x_wconf 89' lang='lat' dir='ltr'>potuissent,</span> <span class='ocrx_word' id='word_1_231' title='bbox 788 3309 849 3352; x_wconf 90' lang='lat' dir='ltr'>nec</span> <span class='ocrx_word' id='word_1_232' title='bbox 864 3290 973 3353; x_wconf 91' lang='lat' dir='ltr'>Deum</span> <span class='ocrx_word' id='word_1_233' title='bbox 987 3287 1152 3366; x_wconf 81' lang='lat' dir='ltr'>timebant,</span> <span class='ocrx_word' id='word_1_234' title='bbox 1169 3307 1228 3353; x_wconf 87' lang='lat' dir='ltr'>nec</span> <span class='ocrx_word' id='word_1_235' title='bbox 1243 3287 1382 3352; x_wconf 89' lang='lat' dir='ltr'>homini-</span> 
     </span>
     <span class='ocr_line' id='line_1_29' title="bbox 233 3387 1382 3456; baseline -0.001 -3"><span class='ocrx_word' id='word_1_236' title='bbox 233 3389 292 3453; x_wconf 92' lang='lat' dir='ltr'>bus</span> <span class='ocrx_word' id='word_1_237' title='bbox 314 3389 547 3454; x_wconf 87' lang='lat' dir='ltr'>erubescentes.</span> <span class='ocrx_word' id='word_1_238' title='bbox 591 3389 635 3456; x_wconf 92' lang='lat' dir='ltr'>Et</span> <span class='ocrx_word' id='word_1_239' title='bbox 655 3399 692 3454; x_wconf 90' lang='lat' dir='ltr'>ut</span> <span class='ocrx_word' id='word_1_240' title='bbox 713 3409 827 3454; x_wconf 89' lang='lat' dir='ltr'>eorum</span> <span class='ocrx_word' id='word_1_241' title='bbox 848 3408 965 3453; x_wconf 89' lang='lat' dir='ltr'>causae</span> <span class='ocrx_word' id='word_1_242' title='bbox 987 3387 1164 3453; x_wconf 87' lang='lat' dir='ltr'>diffidentia</span> <span class='ocrx_word' id='word_1_243' title='bbox 1186 3388 1311 3454; x_wconf 91' lang='lat' dir='ltr'>eunctis</span> <span class='ocrx_word' id='word_1_244' title='bbox 1333 3387 1382 3452; x_wconf 93' lang='lat' dir='ltr'>in-</span> 
     </span>
    </p>
   </div>
   <div class='ocr_carea' id='block_1_5' title="bbox 232 3550 1389 4188">
    <p class='ocr_par' dir='ltr' id='par_1_12' title="bbox 232 3550 1389 4188">
     <span class='ocr_line' id='line_1_30' title="bbox 266 3550 1385 3622; baseline -0.004 -12"><span class='ocrx_word' id='word_1_245' title='bbox 266 3570 282 3621; x_wconf 83' lang='lat'>3</span> <span class='ocrx_word' id='word_1_246' title='bbox 300 3565 332 3611; x_wconf 89' lang='lat' dir='ltr'>ut</span> <span class='ocrx_word' id='word_1_247' title='bbox 349 3555 453 3610; x_wconf 86' lang='lat' dir='ltr'><em>CDEF</em></span> <span class='ocrx_word' id='word_1_248' title='bbox 469 3555 540 3620; x_wconf 77' lang='lat' dir='ltr'>edd,</span> <span class='ocrx_word' id='word_1_249' title='bbox 558 3567 587 3612; x_wconf 93' lang='lat' dir='ltr'>at</span> <span class='ocrx_word' id='word_1_250' title='bbox 603 3556 636 3610; x_wconf 89' lang='lat' dir='ltr'><em>H</em></span> <span class='ocrx_word' id='word_1_251' title='bbox 702 3557 719 3612; x_wconf 93' lang='lat'><strong>6</strong></span> <span class='ocrx_word' id='word_1_252' title='bbox 737 3555 912 3620; x_wconf 86' lang='lat' dir='ltr'>praedicaret</span> <span class='ocrx_word' id='word_1_253' title='bbox 930 3555 993 3610; x_wconf 85' lang='lat' dir='ltr'>edd.</span> <span class='ocrx_word' id='word_1_254' title='bbox 1028 3555 1053 3622; x_wconf 88' lang='lat' dir='ltr'><em>Q</em></span> <span class='ocrx_word' id='word_1_255' title='bbox 1074 3555 1188 3610; x_wconf 82' lang='lat' dir='ltr'>exhibet</span> <span class='ocrx_word' id='word_1_256' title='bbox 1204 3550 1385 3620; x_wconf 87' lang='lat' dir='ltr'>praedicabat</span> 
     </span>
     <span class='ocr_line' id='line_1_31' title="bbox 233 3622 1384 3694; baseline -0.005 -12"><span class='ocrx_word' id='word_1_257' title='bbox 233 3628 250 3682; x_wconf 90' lang='lat'>8</span> <span class='ocrx_word' id='word_1_258' title='bbox 278 3629 330 3683; x_wconf 90' lang='lat' dir='ltr'>deo</span> <span class='ocrx_word' id='word_1_259' title='bbox 360 3627 444 3682; x_wconf 90' lang='lat' dir='ltr'>CHK</span> <span class='ocrx_word' id='word_1_260' title='bbox 510 3644 528 3694; x_wconf 90' lang='lat'>9</span> <span class='ocrx_word' id='word_1_261' title='bbox 554 3636 684 3684; x_wconf 86' lang='lat' dir='ltr'>manente</span> <span class='ocrx_word' id='word_1_262' title='bbox 711 3627 738 3681; x_wconf 80' lang='lat' dir='ltr'><strong><em>A</em></strong></span> <span class='ocrx_word' id='word_1_263' title='bbox 809 3643 842 3684; x_wconf 91' lang='lat'>10</span> <span class='ocrx_word' id='word_1_264' title='bbox 868 3626 1014 3692; x_wconf 89' lang='lat' dir='ltr'>episcopos</span> <span class='ocrx_word' id='word_1_265' title='bbox 1042 3625 1209 3682; x_wconf 78' lang='lat' dir='ltr'>deferebant</span> <span class='ocrx_word' id='word_1_266' title='bbox 1235 3622 1384 3686; x_wconf 89' lang='lat' dir='ltr'>DEFHK,</span> 
     </span>
     <span class='ocr_line' id='line_1_32' title="bbox 235 3690 1380 3766; baseline -0.006 -10"><span class='ocrx_word' id='word_1_267' title='bbox 235 3702 379 3766; x_wconf 85' lang='lat' dir='ltr'>episcopos</span> <span class='ocrx_word' id='word_1_268' title='bbox 396 3701 559 3756; x_wconf 77' lang='lat' dir='ltr'>referebant</span> <span class='ocrx_word' id='word_1_269' title='bbox 573 3701 627 3766; x_wconf 83' lang='lat' dir='ltr'>D*,</span> <span class='ocrx_word' id='word_1_270' title='bbox 643 3700 807 3756; x_wconf 85' lang='lat' dir='ltr'>referebant</span> <span class='ocrx_word' id='word_1_271' title='bbox 821 3699 969 3764; x_wconf 82' lang='lat' dir='ltr'>episcopos</span> <span class='ocrx_word' id='word_1_272' title='bbox 985 3699 1009 3754; x_wconf 88' lang='lat' dir='ltr'>C</span> <span class='ocrx_word' id='word_1_273' title='bbox 1076 3699 1202 3765; x_wconf 86' lang='lat' dir='ltr'>Quae...</span> <span class='ocrx_word' id='word_1_274' title='bbox 1213 3690 1380 3760; x_wconf 68' lang='lat' dir='ltr'>comperta]</span> 
     </span>
     <span class='ocr_line' id='line_1_33' title="bbox 234 3765 1380 3838; baseline -0.006 -10"><span class='ocrx_word' id='word_1_275' title='bbox 234 3789 305 3838; x_wconf 85' lang='lat' dir='ltr'>quae</span> <span class='ocrx_word' id='word_1_276' title='bbox 327 3773 371 3826; x_wconf 90' lang='lat' dir='ltr'>vir</span> <span class='ocrx_word' id='word_1_277' title='bbox 393 3773 491 3828; x_wconf 84' lang='lat' dir='ltr'>beatus</span> <span class='ocrx_word' id='word_1_278' title='bbox 512 3781 657 3838; x_wconf 89' lang='lat' dir='ltr'>comperta</span> <span class='ocrx_word' id='word_1_279' title='bbox 680 3770 748 3826; x_wconf 78' lang='lat' dir='ltr'>CD*</span> <span class='ocrx_word' id='word_1_280' title='bbox 817 3787 849 3826; x_wconf 88' lang='lat'>12</span> <span class='ocrx_word' id='word_1_281' title='bbox 871 3768 921 3834; x_wconf 91' lang='lat' dir='ltr'>ad]</span> <span class='ocrx_word' id='word_1_282' title='bbox 947 3778 997 3826; x_wconf 86' lang='lat' dir='ltr'>aut</span> <span class='ocrx_word' id='word_1_283' title='bbox 1018 3769 1045 3824; x_wconf 81' lang='lat' dir='ltr'><em>A</em></span> <span class='ocrx_word' id='word_1_284' title='bbox 1115 3786 1202 3835; x_wconf 86' lang='lat' dir='ltr'>eaque</span> <span class='ocrx_word' id='word_1_285' title='bbox 1224 3765 1380 3834; x_wconf 87' lang='lat' dir='ltr'>comper-ta]</span> 
     </span>
     <span class='ocr_line' id='line_1_34' title="bbox 232 3840 1383 3922; baseline -0.008 -21"><span class='ocrx_word' id='word_1_286' title='bbox 232 3844 658 3912; x_wconf 71' lang='lat' dir='ltr'>ABDEFHKchrphjlnurqr,</span> <span class='ocrx_word' id='word_1_287' title='bbox 673 3851 702 3900; x_wconf 87' lang='lat' dir='ltr'>et</span> <span class='ocrx_word' id='word_1_288' title='bbox 717 3860 788 3910; x_wconf 86' lang='lat' dir='ltr'>quae</span> <span class='ocrx_word' id='word_1_289' title='bbox 802 3850 948 3910; x_wconf 82' lang='lat' dir='ltr'>comperta</span> <span class='ocrx_word' id='word_1_290' title='bbox 962 3851 989 3909; x_wconf 79' lang='lat' dir='ltr'>p,</span> <span class='ocrx_word' id='word_1_291' title='bbox 1004 3858 1076 3922; x_wconf 76' lang='lat' dir='ltr'>quae</span> <span class='ocrx_word' id='word_1_292' title='bbox 1091 3840 1278 3904; x_wconf 60' lang='lat' dir='ltr'>compertae,</span> <span class='ocrx_word' id='word_1_293' title='bbox 1294 3853 1383 3902; x_wconf 83' lang='lat' dir='ltr'>eoque</span> 
     </span>
     <span class='ocr_line' id='line_1_35' title="bbox 237 3908 1385 3982; baseline -0.008 -10"><span class='ocrx_word' id='word_1_294' title='bbox 237 3924 382 3982; x_wconf 88' lang='lat' dir='ltr'>comperto</span> <span class='ocrx_word' id='word_1_295' title='bbox 401 3933 445 3980; x_wconf 74' lang='lat' dir='ltr'>aa,</span> <span class='ocrx_word' id='word_1_296' title='bbox 465 3913 559 3980; x_wconf 87' lang='lat' dir='ltr'>eisque</span> <span class='ocrx_word' id='word_1_297' title='bbox 580 3913 730 3980; x_wconf 88' lang='lat' dir='ltr'>compertis</span> <span class='ocrx_word' id='word_1_298' title='bbox 752 3931 769 3968; x_wconf 90' lang='lat' dir='ltr'>o</span> <span class='ocrx_word' id='word_1_299' title='bbox 790 3913 846 3969; x_wconf 83' lang='lat' dir='ltr'>edd</span> <span class='ocrx_word' id='word_1_300' title='bbox 917 3927 949 3978; x_wconf 86' lang='lat'>13</span> <span class='ocrx_word' id='word_1_301' title='bbox 968 3929 1002 3966; x_wconf 90' lang='lat' dir='ltr'>ac</span> <span class='ocrx_word' id='word_1_302' title='bbox 1022 3911 1123 3965; x_wconf 81' lang='lat' dir='ltr'>leniter</span> <span class='ocrx_word' id='word_1_303' title='bbox 1144 3909 1308 3967; x_wconf 86' lang='lat' dir='ltr'><em>CDEFHK</em></span> <span class='ocrx_word' id='word_1_304' title='bbox 1329 3908 1385 3964; x_wconf 79' lang='lat' dir='ltr'>edd</span> 
     </span>
     <span class='ocr_line' id='line_1_36' title="bbox 237 3979 1386 4052; baseline -0.004 -13"><span class='ocrx_word' id='word_1_305' title='bbox 237 4001 268 4052; x_wconf 82' lang='lat'>14</span> <span class='ocrx_word' id='word_1_306' title='bbox 294 3985 419 4040; x_wconf 89' lang='lat' dir='ltr'>omnium</span> <span class='ocrx_word' id='word_1_307' title='bbox 445 3984 500 4039; x_wconf 89' lang='lat' dir='ltr'>FK</span> <span class='ocrx_word' id='word_1_308' title='bbox 527 3985 589 4039; x_wconf 85' lang='lat' dir='ltr'>edd.</span> <span class='ocrx_word' id='word_1_309' title='bbox 625 3985 675 4049; x_wconf 82' lang='lat' dir='ltr'>QL</span> <span class='ocrx_word' id='word_1_310' title='bbox 700 3985 747 4038; x_wconf 82' lang='lat' dir='ltr'>vel</span> <span class='ocrx_word' id='word_1_311' title='bbox 773 3985 807 4038; x_wconf 92' lang='lat' dir='ltr'><em>M</em></span> <span class='ocrx_word' id='word_1_312' title='bbox 834 3981 967 4036; x_wconf 81' lang='lat' dir='ltr'>exhibent</span> <span class='ocrx_word' id='word_1_313' title='bbox 993 3981 1138 4036; x_wconf 89' lang='lat' dir='ltr'>bominum</span> <span class='ocrx_word' id='word_1_314' title='bbox 1207 3979 1318 4034; x_wconf 76' lang='lat' dir='ltr'>referre</span> <span class='ocrx_word' id='word_1_315' title='bbox 1343 3979 1386 4034; x_wconf 93' lang='lat' dir='ltr'>illi</span> 
     </span>
     <span class='ocr_line' id='line_1_37' title="bbox 236 4048 1385 4130; baseline -0.006 -17"><span class='ocrx_word' id='word_1_316' title='bbox 236 4057 411 4122; x_wconf 84' lang='lat' dir='ltr'>BDEFHK,</span> <span class='ocrx_word' id='word_1_317' title='bbox 429 4055 547 4112; x_wconf 82' lang='lat' dir='ltr'>auferre</span> <span class='ocrx_word' id='word_1_318' title='bbox 567 4053 599 4122; x_wconf 88' lang='lat' dir='ltr'>C,</span> <span class='ocrx_word' id='word_1_319' title='bbox 617 4055 658 4111; x_wconf 93' lang='lat' dir='ltr'>illi</span> <span class='ocrx_word' id='word_1_320' title='bbox 679 4053 812 4110; x_wconf 82' lang='lat' dir='ltr'>refellere</span> <span class='ocrx_word' id='word_1_321' title='bbox 831 4053 886 4110; x_wconf 81' lang='lat' dir='ltr'>edd</span> <span class='ocrx_word' id='word_1_322' title='bbox 956 4050 988 4108; x_wconf 83' lang='lat'>16</span> <span class='ocrx_word' id='word_1_323' title='bbox 1007 4048 1076 4108; x_wconf 89' lang='lat' dir='ltr'>dicit</span> <span class='ocrx_word' id='word_1_324' title='bbox 1093 4050 1207 4130; x_wconf 70' lang='lat' dir='ltr'>BQEF,</span> <span class='ocrx_word' id='word_1_325' title='bbox 1225 4050 1311 4107; x_wconf 89' lang='lat' dir='ltr'>docet</span> <span class='ocrx_word' id='word_1_326' title='bbox 1329 4049 1385 4107; x_wconf 86' lang='lat' dir='ltr'>CH</span> 
     </span>
     <span class='ocr_line' id='line_1_38' title="bbox 239 4119 1389 4188; baseline -0.003 -8"><span class='ocrx_word' id='word_1_327' title='bbox 239 4127 293 4181; x_wconf 81' lang='lat' dir='ltr'>edd</span> <span class='ocrx_word' id='word_1_328' title='bbox 362 4128 394 4184; x_wconf 90' lang='lat'>18</span> <span class='ocrx_word' id='word_1_329' title='bbox 423 4135 452 4183; x_wconf 89' lang='lat' dir='ltr'>et</span> <span class='ocrx_word' id='word_1_330' title='bbox 482 4127 636 4183; x_wconf 87' lang='lat' dir='ltr'>eminentes</span> <span class='ocrx_word' id='word_1_331' title='bbox 667 4123 772 4181; x_wconf 82' lang='lat' dir='ltr'>scilicet</span> <span class='ocrx_word' id='word_1_332' title='bbox 803 4123 890 4180; x_wconf 82' lang='lat' dir='ltr'>laicos</span> <span class='ocrx_word' id='word_1_333' title='bbox 921 4122 983 4177; x_wconf 82' lang='lat' dir='ltr'>edd.</span> <span class='ocrx_word' id='word_1_334' title='bbox 1019 4121 1046 4188; x_wconf 84' lang='lat' dir='ltr'><em>Q</em></span> <span class='ocrx_word' id='word_1_335' title='bbox 1079 4120 1193 4175; x_wconf 70' lang='lat' dir='ltr'>extabat</span> <span class='ocrx_word' id='word_1_336' title='bbox 1224 4119 1330 4176; x_wconf 87' lang='lat' dir='ltr'>scilicet</span> <span class='ocrx_word' id='word_1_337' title='bbox 1359 4128 1389 4176; x_wconf 92' lang='lat' dir='ltr'>et</span> 
     </span>
    </p>
   </div>
   <div class='ocr_carea' id='block_1_6' title="bbox 0 0 1653 4668">
    <p class='ocr_par' dir='ltr' id='par_1_13' title="bbox 0 0 1653 4668">
     <span class='ocr_line' id='line_1_39' title="bbox 0 0 1653 4668; baseline 0 0"><span class='ocrx_word' id='word_1_338' title='bbox 0 0 1653 4668; x_wconf 95' lang='lat' dir='ltr'> </span> 
     </span>
    </p>
   </div>
  </div>
 </body>
</html>
