3268 4668
260 431 295 487 66
583 431 712 490 SANCT
715 433 728 488 1
747 433 972 491 AUGUSTINI
990 434 1103 491 VITA.

261 611 337 656 cum
350 592 498 656 omnibus
513 591 559 656 illi
572 592 809 670 comitantibus,
826 592 959 659 sublatis
974 594 1037 659 illis
1051 594 1243 660 animalibus
1257 606 1290 662 et
1305 596 1410 674 rebus

263 693 389 758 iniuriis
414 703 446 757 et
470 691 568 759 caede
591 712 666 757 eum
689 693 884 775 gravissima
905 693 1102 760 affecissent.
1147 696 1198 761 De
1222 717 1286 777 qua
1310 718 1346 762 re
1368 718 1410 762 ne

261 793 350 881 pacis
375 793 512 875 amplius
537 793 700 859 Ecclesiae
724 805 896 876 provectus
921 793 1142 877 impediretur,
1167 794 1324 861 defensor
1349 798 1410 862 Ec·

249 893 377 959 vclesiae
400 894 485 958 inter
507 893 592 976 leges
614 915 681 959 non
705 894 816 960 siluit.⁷
861 895 905 959 Et
927 907 1119 979 praeceptus
1141 907 1192 962 est
1216 896 1410 978 Crispinus,8

218 1000 234 1068 5
261 993 317 1075 qui
335 994 462 1059 hisdem
480 995 661 1061 Donatistis
679 997 713 1058 in
732 995 915 1060 Calamensi
935 995 1065 1084 civitate
1085 1007 1117 1062 et
1136 998 1267 1080 regione
1287 999 1410 1081 episco-

261 1114 321 1176 pus
354 1095 427 1172 fuit,
457 1096 662 1176 praedicatus
692 1096 812 1160 scilicet
840 1096 935 1160 multi
963 1097 1119 1180 temporis
1149 1109 1182 1163 et
1212 1100 1336 1175 doctus,
1367 1098 1409 1164 ad

261 1196 416 1260 mulctam
428 1195 531 1260 teneri
546 1197 709 1260 aurariam
722 1197 858 1277 publicis
873 1197 996 1279 legibus
1010 1210 1125 1264 contra
1138 1199 1318 1264 haereticos
1334 1220 1409 1264 con-

262 1297 417 1360 stitutam.
462 1296 529 1378 Qui
553 1297 712 1362 resultans
735 1297 857 1378 legibus
879 1309 1104 1378 praesentatus
1126 1318 1202 1364 cum
1224 1300 1311 1381 apud
1334 1320 1409 1382 pro

261 1396 427 1461 consulem
448 1417 482 1461 se
505 1409 637 1478 negaret
659 1397 866 1475 haereticum,
888 1397 1002 1466 oborta
1025 1410 1075 1464 est
1095 1399 1340 1478 necessitasut
1362 1400 1409 1463 illi

197 1511 235 1560 10
261 1497 430 1561 recedente
448 1498 613 1562 Ecclesiae
631 1497 830 1574 defensore,⁹
847 1513 868 1563 a¹
885 1498 1054 1564 Catholico
1071 1499 1224 1581 episcopo
1244 1501 1408 1565 resistere-

259 1608 314 1662 tur
328 1608 360 1663 et
375 1600 622 1664 convinceretur
638 1620 713 1664 eum
727 1620 807 1678 esse,
823 1599 912 1680 quod
926 1621 960 1665 se
978 1599 1081 1666 fuisse
1096 1611 1289 1683 negaverat3
1306 1621 1406 1684 quon-

260 1698 326 1762 iam
343 1699 370 1764 si
388 1700 428 1762 ab
445 1700 559 1764 eodem
578 1699 846 1779 dissimularetur,
867 1701 954 1767 forte
973 1700 1160 1766 Catholicus
1179 1702 1348 1784 episcopus
1368 1703 1407 1766 ab

260 1802 483 1884 ignorantibus
504 1801 685 1866 haereticus
708 1800 903 1878 crederetur,
925 1801 981 1868 illo
1003 1822 1037 1866 se
1058 1800 1147 1884 quod
1169 1813 1238 1867 erat
1260 1812 1406 1882 negante,

259 1914 356 1984 atque
376 1903 422 1968 ita
442 1923 484 1968 ex
502 1902 565 1966 hac
584 1901 709 1967 desidia
728 1901 865 1967 infirmis
888 1901 1076 1967 scandalum
1097 1905 1322 1967 nasceretur.²⁰
1365 1902 1408 1967 Et

196 2021 231 2089 ις
259 2003 459 2068 memorabili
475 2003 661 2085 Augustino
679 2002 822 2068 antistite
839 2002 1033 2068 omnimodis
1051 2004 1201 2080 instante,
1220 2003 1262 2068 ad
1279 2013 1408 2068 contro-

260 2104 400 2169 versiam
425 2105 519 2169 ambo
544 2104 591 2167 illi
618 2103 824 2168 Calamenses
850 2104 992 2186 episcopi
1018 2114 1186 2181 venerunt,
1212 2114 1244 2168 et
1270 2104 1311 2169 de
1337 2104 1407 2187 ipsa

260 2205 388 2269 diversa
407 2205 633 2269 communione
649 2204 746 2268 tertio
766 2203 978 2269 conflictum²1
998 2224 1107 2269 secum
1126 2214 1270 2284 egerunt,
1289 2223 1407 2286 magna

240 2365 241 2368 ,
259 2305 455 2387 populorum
475 2305 735 2370 Christianorum
756 2303 962 2369 multitudine
983 2324 1099 2369 causae
1121 2303 1247 2370 exitum
1267 2315 1299 2370 et
1320 2305 1407 2386 apud

260 2406 490 2487 Carthaginem
508 2416 540 2470 et
559 2425 617 2486 per
634 2417 739 2470 totam
757 2404 911 2469 Africam
931 2416 1148 2487 exspectante,
1168 2415 1265 2486 atque
1285 2406 1339 2469 ille
1358 2415 1408 2470 est

192 2525 233 2574 20
260 2506 430 2588 Crispinus
461 2505 686 2587 proconsulari
720 2516 752 2570 et
782 2505 946 2570 libellari12
981 2505 1140 2571 sententia
1173 2505 1407 2588 pronunciatus

257 2607 448 2672 haereticus
475 2608 554 2672 'Pro
568 2627 632 2688 quo
648 2607 700 2671 ille
716 2605 803 2688 apud
817 2607 1017 2689 cognitorem
1033 2606 1219 2680 Catholicus
1235 2607 1406 2688 episcopus

257 2708 449 2784 intercessit,
466 2729 507 2773 ne
525 2708 654 2772 auraria
670 2707 819 2772 mulcta²³
837 2707 1032 2790 exigeretur,
1051 2718 1083 2774 et
1100 2708 1130 2771 ei
1148 2719 1197 2772 est
1215 2706 1407 2771 beneficium

257 2810 475 2890 impetratum.
528 2809 626 2874 Unde
655 2827 730 2872 curn
762 2808 908 2890 ingratus
940 2808 982 2871 ad
1013 2807 1197 2888 piissimum
1227 2807 1407 2889 principem

258 2919 475 2991 provocasset,
501 2909 540 2974 ab
566 2909 761 2990 imperatore
787 2908 942 2973 relatione
968 2906 1112 2973 debitum
1137 2918 1187 2973 est
1214 2927 1405 2988 responsum

192 3025 210 3072 2
214 3021 230 3089 5
258 3011 409 3087 solutum,
423 3022 456 3075 et
472 3020 705 3090 consequenter
719 3020 936 3090 praeceptum,
953 3008 1042 3073 nullo
1057 3028 1191 3089 prorsus
1207 3009 1277 3073 loco
1293 3008 1405 3072 haere-

257 3111 339 3176 ticos
365 3110 554 3176 Donatistas
580 3131 651 3177 esse
676 3110 803 3186 debere,
828 3121 860 3175 et
886 3129 941 3175 eos
967 3111 1009 3175 ad
1034 3111 1102 3173 vim
1125 3109 1234 3191 legum
1259 3106 1405 3172 omnium

240 3221 371 3276 contra
395 3211 574 3277 haereticos
599 3212 740 3276 latarum
763 3211 881 3292 ubique
905 3211 1008 3276 teneri
1033 3209 1158 3274 debere.
1204 3209 1258 3272 Ex
1283 3196 1348 3291 quo
1372 3218 1405 3272 et

291 3379 303 3417 1
322 3363 378 3418 illis
397 3380 451 3418 om.
468 3362 519 3419 BG
537 3362 592 3418 edd
659 3361 839 3429 3profeetus
858 3359 882 3416 C
883 3360 915 3426 G,
934 3359 1067 3416 ecclesiae
1085 3359 1204 3425 amplius
1222 3359 1407 3424 impediretur

257 3434 406 3501 profectus
425 3436 481 3491 edd
548 3449 564 3502 5
583 3435 692 3502 hisdem
711 3435 745 3500 E,
763 3435 799 3491 ab
816 3433 926 3488 hisdem
946 3435 978 3498 C,
997 3432 1087 3488 isdem
1105 3431 1169 3497 DG,
1187 3431 1223 3487 ab
1241 3431 1332 3487 isdem
1350 3432 1404 3494 D*,

257 3507 348 3562 isdem
372 3506 515 3562 donatista
536 3507 571 3571 B,
594 3503 700 3561 eisdem
724 3505 803 3559 edd·
851 3501 1069 3568 6praedicator
1093 3502 1145 3570 BQ
1221 3500 1405 3567 scilicet]†et

255 3576 410 3632 BCDEFG
430 3577 484 3632 edd
550 3576 667 3632 edoctus
686 3573 780 3630 BCD*
848 3573 1213 3638 7multum....aurarium
1233 3573 1270 3636 Α,
1288 3571 1405 3626 multam

254 3650 308 3704 DF
377 3666 409 3716 19
426 3649 472 3704 ille
490 3657 533 3704 est
549 3645 711 3714 Crispinus]
732 3643 1126 3712 ABDEFGbcdfphjbmnop,
1144 3653 1187 3700 est
1206 3653 1239 3701 tr.
1257 3652 1322 3710 post
1339 3659 1405 3708 pro·

254 3721 404 3778 nunciatus
422 3722 482 3787 cti,
497 3729 564 3776 onte
580 3719 781 3785 pronunciatus
800 3718 871 3782 edd„
888 3725 931 3772 est
949 3733 1003 3772 om.
1021 3733 1053 3771 er
1119 3731 1154 3772 2ο
1170 3714 1300 3780 libellari]
1321 3715 1404 3770 ΑΒΕ

255 3795 383 3862 Fefhjno
406 3794 477 3858 edd„
498 3791 606 3848 liberali
627 3789 879 3856 BCGbcdpklmpq,
899 3787 1112 3854 proconsularis
1133 3797 1162 3845 et
1184 3785 1317 3843 libellaris
1340 3803 1403 3842 sen-

255 3867 408 3923 tentiamr
474 3879 509 3918 22
528 3861 666 3919 intellexit
686 3861 712 3914 A
782 3862 870 3916 multa
891 3857 1024 3914 ADEFG
1091 3875 1125 3924 24
1146 3869 1173 3914 et
1194 3859 1229 3914 ab
1249 3857 1328 3911 DEF
1349 3857 1403 3912 edd

256 3938 386 3997 relationi
404 3936 509 3994 DEFG
528 3935 599 4001 edd„
619 3942 646 3992 et
664 3933 864 4002 imperatorem
883 3929 1019 4001 relatione
1037 3930 1062 3985 B
1131 3943 1164 3996 25
1183 3928 1398 3994 consequenter]

255 4007 621 4076 ABDEdeefotjtmnpr,
644 4010 721 4074 ÷est
743 4005 774 4070 C,
797 4012 980 4061 consecutum
1003 4003 1036 4067 G,
1060 4008 1241 4057 consecutum
1264 4009 1308 4056 est
1331 3999 1402 4063 edd„

255 4089 284 4135 et
302 4096 475 4146 consequens
496 4086 657 4146 preceptum
678 4094 704 4140 ο,
724 4076 837 4132 solitum
859 4083 886 4130 et
905 4079 1122 4138 consequentem
1143 4079 1302 4137 preceptum
1323 4089 1347 4136 c,
1367 4085 1404 4124 ex

255 4152 436 4219 consequenti
455 4159 585 4218 precepto
603 4149 633 4216 tq
